@InCollection{Bell:2012,
  author =       {Bell, Nathan and Hoberock, Jared},
  title =        {Thrust: A productivity-oriented library for {CUDA}},
  booktitle =    {GPU computing gems Jade edition},
  publisher =    {Elsevier},
  year =         2012,
  pages =        {359--371}
}

@Article{Haidar:2020,
  author =       {Haidar, Azzam and Bayraktar, Harun and Tomov,
                  Stanimire and Dongarra, Jack and Higham, Nicholas
                  J.},
  title =        {Mixed-precision iterative refinement using tensor
                  cores on {GPU}s to accelerate solution of linear
                  systems},
  journal =      {Proceedings of the Royal Society A: Mathematical,
                  Physical and Engineering Sciences},
  year =         2020,
  volume =       476,
  number =       2243,
  pages =        20200110,
  doi =          {10.1098/rspa.2020.0110},
}

@Article{Markall:2010,
  author =       {Graham R. Markall and David A. Ham and Paul H.J.
                  Kelly},
  title =        {Towards generating optimised finite element solvers
                  for {GPU}s from high-level specifications},
  journal =      {Procedia Computer Science},
  year =         2010,
  volume =       1,
  number =       1,
  pages =        {1815-1823},
  note =         {ICCS 2010},
  doi =          {10.1016/j.procs.2010.04.203},
}

@InProceedings{Markall:2013,
  author =       {Graham R. Markall and Florian Rathgeber and Lawrence
                  Mitchell and Nicolas Loriant and Carlo Bertolli and
                  David A. Ham and Paul H. J. Kelly},
  title =        {Performance-portable finite element assembly using
                  {PyOP2} and {FEniCS}},
  booktitle =    {28th International Supercomputing Conference, ISC,
                  Proceedings},
  year =         2013,
  editor =       {Kunkel, Julian Martin and Ludwig, Thomas and Meuer,
                  Hans Werner},
  volume =       7905,
  series =       {Lecture Notes in Computer Science},
  pages =        {279--289},
  publisher =    {Springer},
  doi =          {10.1007/978-3-642-38750-0_21},
}


@Article{Markall:2013a,
  author =       {Markall, G. R. and Slemmer, A. and Ham, D. A. and
                  Kelly, P. H. J. and Cantwell, C. D. and Sherwin, S.
                  J.},
  title =        {Finite element assembly strategies on multi-core and
                  many-core architectures},
  journal =      {International Journal for Numerical Methods in
                  Fluids},
  year =         2013,
  volume =       71,
  number =       1,
  pages =        {80-97},
  doi =          {10.1002/fld.3648},
}

@TechReport{Merrill:2016,
  author =       {Duane Merrill and Michael Garland},
  title =        {Single-pass parallel prefix scan with decoupled
                  look-back},
  institution =  {NVIDIA},
  year =         2016,
  number =       {NVR-2016-002}
}

@Article{Ootomo:2024,
  author =       {Hiroyuki Ootomo and Katsuhisa Ozaki and Rio Yokota},
  title =        {{DGEMM} on integer matrix multiplication unit},
  journal =      {The International Journal of High Performance
                  Computing Applications},
  year =         2024,
  volume =       38,
  number =       4,
  pages =        {297-313},
  doi =          {10.1177/10943420241239588},
}

@Article{Ozaki:2012,
  author =       {Katsuhisa Ozaki and Takeshi Ogita and Shin'ichi
                  Oishi and Siegfried M. Rump},
  title =        {Error-free transformations of matrix multiplication
                  by using fast routines of matrix multiplication and
                  its applications},
  journal =      {Numerical Algorithms},
  year =         2012,
  volume =       59,
  pages =        {95-118},
  doi =          {10.1007/s11075-011-9478-1}
}

@Article{Rathgeber:2016,
  author =       {Florian Rathgeber and David A. Ham and Lawrence
                  Mitchell and Michael Lange and Fabio Luporini and
                  Andrew T. T. McRae and Gheorghe-Teodor Bercea and
                  Graham R. Markall and Paul H. J. Kelly},
  title =        {{F}iredrake: automating the finite element method by
                  composing abstractions},
  journal =      {ACM Transactions on Mathematical Software},
  year =         2016,
  volume =       43,
  number =       3,
  pages =        {24:1--24:27},
  doi =          {10.1145/2998441},
  archiveprefix ={arXiv},
  eprint =       {1501.01809},
  primaryclass = {cs.MS},
}

