@Article{Adams:2016,
  author =       {Mark F. Adams and Jed Brown and Matt Knepley and
                  Ravi Samtaney},
  title =        {Segmental Refinement: A Multigrid Technique for Data
                  Locality},
  journal =      {SIAM Journal on Scientific Computing},
  year =         2016,
  volume =       38,
  number =       4,
  pages =        {C426-C440},
  doi =          {10.1137/140975127},
  eprint =       {1406.7808},
  archiveprefix ={arXiv},
  primaryclass = {ma.NA},
}

@Article{Alhubail:2016,
  author =       {Maitham Makki Alhubail and Qiqi Wang},
  title =        {The swept rule for breaking the latency barrier in
                  time advancing {PDE}s},
  journal =      {Journal of Computational Physics},
  year =         2016,
  volume =       307,
  pages =        {110-121},
  doi =          {10.1016/j.jcp.2015.11.026},
  archiveprefix ={arXiv},
  eprint =       {1504.01380},
  primaryclass = {cs.CE}
}

@Article{Alnaes:2014,
  author =       {Aln{\ae}s, Martin S. and Logg, Anders and
                  \O{}lgaard, Kristian B. and Rognes, Marie E. and
                  Wells, Garth N.},
  title =        {Unified Form Language: A Domain-specific Language
                  for Weak Formulations of Partial Differential
                  Equations},
  journal =      {ACM Trans. Math. Softw.},
  year =         2014,
  volume =       40,
  number =       2,
  pages =        {9:1-9:37},
  issue_date =   {February 2014},
  issn =         {0098-3500},
  doi =          {10.1145/2566630},
  archiveprefix ={arXiv},
  eprint =       {1211.4047},
  primaryclass = {cs.MS},
}

@Article{Arnal:2008,
  author =       {Josep Arnal and Violetta Migall\'{o}n and Jos\'{e}
                  Penad\'{e}s and Daniel B. Szyld},
  title =        {Newton additive and multiplicative {Schwarz}
                  iterative methods},
  journal =      {IMA Journal of Numerical Analysis},
  year =         2008,
  volume =       28,
  number =       1,
  pages =        {143-161},
  doi =          {10.1093/imanum/drm015}
}

@Article{Arnold:1997,
  author =       {Arnold, Douglas N. and Falk, Richard S. and Winther,
                  R.},
  title =        {Preconditioning in $H(\div)$ and Applications},
  journal =      {Mathematics of Computation},
  year =         1997,
  volume =       66,
  number =       219,
  pages =        {957--984},
  month =        jul,
  numpages =     28,
  doi =          {10.1090/S0025-5718-97-00826-0},
}

@Article{Arnold:2000,
  author =       {Arnold, D. N. and Falk, R. S. and Winther, R.},
  title =        {Multigrid in $H(\div)$ and $H(\curl)$},
  journal =      {Numerische Mathematik},
  year =         2000,
  volume =       85,
  pages =        {197-217},
  doi =          {10.1007/PL00005386}
}

@Article{Arnold:2002,
  author =       {Arnold, D. N.},
  title =        {{Differential complexes and numerical stability}},
  journal =      {arXiv preprint math/0212391},
  year =         2002,
  volume =       {I},
  archiveprefix ={arXiv},
  eprint =       {math/0212391},
  keywords =     {and phrases,differential,finite element,numerical
                  stability},
  primaryclass = {math},
  url =          {http://arxiv.org/abs/math/0212391}
}

@Article{Arnold:2002a,
  author =       {Arnold, Douglas and Boffi, Daniele and Falk,
                  Richard},
  title =        {Approximation by quadrilateral finite elements},
  journal =      {Mathematics of Computation},
  year =         2002,
  volume =       71,
  number =       239,
  pages =        {909-922},
  doi =          {10.1090/S0025-5718-02-01439-4},
}

@Article{Arnold:2002b,
  author =       {Douglas N. Arnold and Franco Brezzi and Bernardo
                  Cockburn and L. Donatella Marini},
  title =        {{Unified Analysis of Discontinuous Galerkin Methods
                  for Elliptic Problems}},
  journal =      {SIAM Journal on Numerical Analysis},
  year =         2002,
  volume =       39,
  number =       5,
  pages =        {1749-1779},
  doi =          {10.1137/S0036142901384162},
}

@Article{Arnold:2006,
  author =       {Arnold, Douglas N. and Falk, Richard S. and Winther,
                  Ragnar},
  title =        {{Finite element exterior calculus, homological
                  techniques, and applications}},
  journal =      {Acta Numerica},
  year =         2006,
  volume =       15,
  pages =        {1-155},
  doi =          {10.1017/S0962492906210018},
  isbn =         0962492906,
  issn =         {0962-4929}
}

@Article{Arnold:2010,
  author =       {Arnold, Douglas N. and Falk, Richard S. and Winther,
                  Ragnar},
  title =        {{Finite element exterior calculus: from Hodge theory
                  to numerical stability}},
  journal =      {Bulletin of the American Mathematical Society},
  year =         2010,
  volume =       47,
  number =       2,
  pages =        {281-354},
  doi =          {10.1090/S0273-0979-10-01278-4},
  issn =         {0273-0979},
  keywords =     {and phrases,de rham cohomol-,exterior
                  calculus,finite element exterior calculus,first
                  author was supported,grant dms-0609755,grant
                  dms-0713568,hodge laplacian,hodge theory,in part by
                  nsf,mixed finite elements,ogy,second author was
                  supported,the work of the}
}

@Article{Arnold:2011,
  author =       {Arnold, Douglas N. and Awanou, Gerard},
  title =        {{The Serendipity Family of Finite Elements}},
  journal =      {Foundations of Computational Mathematics},
  year =         2011,
  volume =       11,
  number =       3,
  pages =        {337-344},
  doi =          {10.1007/s10208-011-9087-3},
  isbn =         1020801190,
  issn =         {1615-3375},
  keywords =     {2000,arnold was supported in,communicated by
                  philippe ciarlet,dms-0713568,finite
                  element,mathematics subject classification,n,part by
                  nsf grant,primary 65n30,serendipity,the work of
                  d,unisolvence}
}

@Article{Arnold:2012,
  author =       {Arnold, DN and Awanou, Gerard and Winther, Ragnar},
  title =        {{Nonconforming tetrahedral mixed finite elements for
                  elasticity}},
  journal =      {Mathematical Models and Methods in Applied Sciences},
  year =         2014,
  volume =       24,
  number =       04,
  pages =        {783-796},
  archiveprefix ={arXiv},
  eprint =       {1210.6256},
  doi =          {10.1142/S021820251350067X},
}

@Article{Arnold:2012a,
  author =       {Arnold, Douglas N and Awanou, Gerard},
  title =        {{Finite element differential forms on cubical
                  meshes}},
  journal =      {Mathematics of Computation},
  year =         2014,
  volume =       83,
  number =       288,
  pages =        {1551-1570},
  doi =          {10.1090/S0025-5718-2013-02783-4},
  archiveprefix ={arXiv},
  eprint =       {1204.2595},
}

@Article{Arnold:2012b,
  author =       {Arnold, Douglas N and Boffi, Daniele and Bonizzoni,
                  Francesca},
  title =        {{Tensor product finite element differential forms
                  and their approximation properties}},
  year =         2012,
  pages =        16,
  archiveprefix ={arXiv},
  eprint =       {1212.6559},
  keywords =     {and phrases,approximation,cubical
                  meshes,differential form,dms-1115291,finite
                  element,italy,italy and by miur,mapped
                  cubical,meshes,prin2009,supported by
                  imati-cnr,supported by nsf grant,tensor product,the
                  first author was,the second author was},
  url =          {http://arxiv.org/abs/1212.6559}
}

@Article{Arnold:2013,
  author =       {Arnold, Douglas N and Awanou, Gerard and Qiu,
                  Weifeng},
  title =        {{Mixed finite elements for elasticity on
                  quadrilateral meshes}},
  journal =      {Advances in Computational Mathematics},
  year =         2015,
  volume =       41,
  number =       3,
  pages =        {553-572},
  archiveprefix ={arXiv},
  eprint =       {1306.6821},
  issn =         {1019-7168},
  doi =          {10.1007/s10444-014-9376-x},
}

@InCollection{Austin:2011,
  author =       {Travis M. Austin and Marian Brezina and Thomas A.
                  Manteuffel and John Ruge},
  title =        {Automatic construction of sparse preconditioners for
                  high-order finite element methods},
  booktitle =    {Efficient preconditioned solution methods for
                  elliptic partial differential equations},
  publisher =    {Bentham Science Publishers},
  year =         2011,
  editor =       {Owe Axelsson and J\'anos Kar\'atson},
  pages =        {84-102},
  isbn =         {978-1-60805-291-2}
}

@Article{Austin:2012,
  author =       {Travis M. Austin and Marian Brezina and Ben Jamroz
                  and Chetan Jhurani and Thomas A. Manteuffel and John
                  Ruge},
  title =        {Semi-automatic sparse preconditioners for high-order
                  finite element methods on non-uniform meshes},
  journal =      {Journal of Computational Physics},
  year =         2012,
  volume =       231,
  number =       14,
  pages =        {4694-4708},
  doi =          {10.1016/j.jcp.2012.03.013},
}

@Article{Babuska:2003,
  author =       {Babuska, Ivo and Banerjee, Uday and Osborn, John E.},
  title =        {{Survey of meshless and generalized finite element
                  methods: A unified approach}},
  journal =      {Acta Numerica},
  year =         2003,
  volume =       12,
  number =       {July 2003},
  pages =        {1-125},
  doi =          {10.1017/S0962492902000090},
  issn =         09624929
}

@Article{Bader:2010,
  author =       {Bader, Michael and B\"{o}ck, Christian and
                  Schwaiger, Johannes and Vigh, Csaba},
  title =        {{Dynamically Adaptive Simulations with Minimal
                  Memory Requirement—Solving the Shallow Water
                  Equations Using Sierpinski Curves}},
  journal =      {SIAM Journal on Scientific Computing},
  year =         2010,
  volume =       32,
  number =       1,
  pages =        {212-228},
  doi =          {10.1137/080728871},
  issn =         {1064-8275},
  keywords =     {65M60,65Y99,76D33,Sierpinski curve,discontinuous
                  Galerkin method,dynamic remeshing,memory-efficient
                  algorithms,shallow water equations,simulation on
                  adaptive grids,space-filling curves},
  language =     {en},
  publisher =    {Society for Industrial and Applied Mathematics}
}

@InBook{Baker:2012,
  author =       {Baker, Allison H. and Falgout, Robert D. and Kolev,
                  Tzanio V. and Yang, Ulrike Meier},
  editor =       {Berry, Michael W. and Gallivan, Kyle A. and
                  Gallopoulos, Efstratios and Grama, Ananth and
                  Philippe, Bernard and Saad, Yousef and Saied,
                  Faisal},
  title =        {{Scaling Hypre's multigrid solvers to 100,000
                  cores}},
  publisher =    {Springer London},
  year =         2012,
  address =      {London},
  pages =        {261-279},
  booktitle =    {High-Performance Scientific Computing: Algorithms
                  and Applications},
  isbn =         {978-1-4471-2437-5},
  doi =          {10.1007/978-1-4471-2437-5_13},
}

@InProceedings{Baker:2012a,
  author =       {Allison H. Baker and Robert D. Falgout and Todd
                  Gamblin and Tzanio V. Kolev and Martin Schulz and
                  Ulrike Meier Yang},
  title =        {{Scaling algebraic multigrid solvers: on the road to
                  exascale}},
  booktitle =    {Competence in High Performance Computing 2010:
                  Proceedings of an International Conference on
                  Competence in High Performance Computing, June 2010,
                  Schloss Schwetzingen, Germany},
  year =         2012,
  editor =       {Bischof, Christian and Hegering, Heinz-Gerd and
                  Nagel, Wolfgang E. and Wittum, Gabriel},
  pages =        {215-226},
  address =      {Berlin, Heidelberg},
  publisher =    {Springer Berlin Heidelberg},
  isbn =         {978-3-642-24025-6},
  doi =          {10.1007/978-3-642-24025-6_18},
}

@InProceedings{Balay:1997,
  author =       {Satish Balay and William D. Gropp and Lois Curfman
                  McInnes and Barry F. Smith},
  title =        {{Efficient management of parallelism in object
                  oriented numerical software libraries}},
  booktitle =    {Modern Software Tools in Scientific Computing},
  year =         1997,
  editor =       {E. Arge and A. M. Bruaset and H. P. Langtangen},
  pages =        {163-202},
  publisher =    {Birkh{\"{a}}user Press},
  doi =          {10.1007/978-1-4612-1986-6_8},
}

@TechReport{Balay:2016,
  author =       {Satish Balay and Shrirang Abhyankar and Mark F.
                  Adams and Jed Brown and Peter Brune and Kris
                  Buschelman and Lisandro Dalcin and Victor Eijkhout
                  and William D. Gropp and Dinesh Kaushik and Matthew
                  G. Knepley and Lois Curfman McInnes and Karl Rupp
                  and Barry F. Smith and Stefano Zampini and Hong
                  Zhang and Hong Zhang},
  title =        {{PETSc Users Manual}},
  institution =  {Argonne National Laboratory},
  year =         2016,
  number =       {ANL-95/11 - Revision 3.7},
}

@Article{Bank:1981,
  author =       {Bank, Randolph E and Dupont, Todd},
  title =        {An optimal order process for solving finite element
                  equations},
  journal =      {Mathematics of Computation},
  year =         1981,
  volume =       36,
  number =       153,
  pages =        {35-51}
}

@Article{Bastian:2008,
  author =       {Bastian, P. and Blatt, M. and Dedner, A. and Engwer,
                  C. and Kl{\"o}fkorn, R. and Ohlberger, M. and
                  Sander, O.},
  title =        {{A generic grid interface for parallel and adaptive
                  scientific computing. Part I: abstract framework}},
  journal =      {Computing},
  year =         2008,
  volume =       82,
  number =       2,
  pages =        {103-119},
  doi =          {10.1007/s00607-008-0003-x},
}

@Article{Bastian:2008a,
  author =       {Bastian, P. and Blatt, M. and Dedner, A. and Engwer,
                  C. and Kl{\"o}fkorn, R. and Kornhuber, R. and
                  Ohlberger, M. and Sander, O.},
  title =        {{A generic grid interface for parallel and adaptive
                  scientific computing. Part II: implementation and
                  tests in DUNE}},
  journal =      {Computing},
  year =         2008,
  volume =       82,
  number =       2,
  pages =        {121-138},
  doi =          {10.1007/s00607-008-0004-9},
}

@Article{Bastian:2012,
  author =       {Bastian, Peter and Blatt, Markus and Scheichl,
                  Robert},
  title =        {Algebraic multigrid for discontinuous {Galerkin}
                  discretizations of heterogeneous elliptic problems},
  journal =      {Numerical Linear Algebra with Applications},
  year =         2012,
  volume =       19,
  number =       2,
  pages =        {367-388},
  doi =          {10.1002/nla.1816},
}

@Article{Bastian:2019,
  author =       {Peter Bastian and Eike H. M\"uller and Steffen
                  M\"uthing and Marian Piatkowski},
  title =        {{Matrix-free multigrid block-preconditioners for
                  higher order Discontinuous Galerkin
                  discretisations}},
  journal =      {Journal of Computational Physics},
  year =         2019,
  volume =       394,
  number =       1,
  pages =        {417--439},
  doi =          {10.1016/j.jcp.2019.06.001},
  eprint =       {1805.11930},
  primaryclass = {math.NA},
  archiveprefix ={arXiv}
}

@Article{Becker:2003,
  author =       {Becker, Roland and Hansbo, Peter and Stenberg, Rolf},
  title =        {{A finite element method for domain decomposition
                  with non-matching grids}},
  journal =      {ESAIM: Mathematical Modelling and Numerical
                  Analysis},
  year =         2003,
  volume =       37,
  number =       2,
  pages =        {209-225},
  doi =          {10.1051/m2an:2003023},
  issn =         {0764-583X},
  keywords =     {Nitsche's method,domain decomposition,non-matching
                  grids.},
  language =     {English},
  publisher =    {EDP Sciences}
}

@Article{Beisiegel:2015,
  author =       {Beisiegel, N. and Behrens, J.},
  title =        {Quasi-nodal third-order Bernstein polynomials in a
                  discontinuous Galerkin model for flooding and
                  drying},
  journal =      {Environmental Earth Sciences},
  year =         2015,
  volume =       74,
  number =       11,
  pages =        {7275-7284},
  abstract =     {A quasi-nodal discontinuous Galerkin (DG) model
                  employs monotonicity preserving Bernstein
                  polynomials as basis functions in combination with
                  an efficient vertex-based slope limiter. As opposed
                  to classical nodal Lagrange DG models, it simulates
                  flooding and drying stably even with higher than
                  second-order basis functions. We study the viability
                  of the latter for inundation simulations in general
                  and discuss the quality of the new basis functions.
                  A subsequent numerical study demonstrates the
                  conservation properties and local convergence rates
                  of the new method.},
  doi =          {10.1007/s12665-015-4745-4},
}

@InCollection{Bell:2012,
  author =       {Bell, Nathan and Hoberock, Jared},
  title =        {Thrust: A productivity-oriented library for {CUDA}},
  booktitle =    {GPU computing gems Jade edition},
  publisher =    {Elsevier},
  year =         2012,
  pages =        {359--371}
}

@Article{Benzi:2005,
  author =       {Benzi, Michele and Golub, Gene H. and Liesen,
                  J\"{o}rg},
  title =        {Numerical solution of saddle point problems},
  journal =      {Acta Numerica},
  year =         2005,
  volume =       14,
  pages =        {1-137},
  issn =         {1474-0508},
  doi =          {10.1017/S0962492904000212},
}

@Article{Benzi:2006,
  author =       {M. Benzi and M. A. Olshanskii},
  title =        {An Augmented {L}agrangian-Based Approach to the
                  {O}seen Problem},
  journal =      {{SIAM} Journal on Scientific Computing},
  year =         2006,
  volume =       28,
  number =       6,
  pages =        {2095--2113},
  doi =          {10.1137/050646421}
}

@Article{Bercea:2016,
  author =       {Gheorghe-Teodor Bercea and Andrew T. T. McRae and
                  David A. Ham and Lawrence Mitchell and Florian
                  Rathgeber and Luigi Nardi and Fabio Luporini and
                  Paul H. J. Kelly},
  title =        {A structure-exploiting numbering algorithm for
                  finite elements on extruded meshes, and its
                  performance evaluation in Firedrake},
  journal =      {Geoscientific Model Development},
  year =         2016,
  volume =       9,
  number =       10,
  pages =        {3803-3815},
  doi =          {10.5194/gmd-9-3803-2016},
  archiveprefix ={arXiv},
  eprint =       {1604.05937},
  primaryclass = {cs.MS},
}

@Article{Bergen:2004,
  author =       {Bergen, Benjamin Karl and Hülsemann, Frank},
  title =        {Hierarchical hybrid grids: data structures and core
                  algorithms for multigrid},
  journal =      {Numerical Linear Algebra with Applications},
  year =         2004,
  volume =       11,
  number =       {2‐3},
  pages =        {279-291},
  keywords =     {unstructured grids, multigrid, finite elements,
                  super computing},
  doi =          {10.1002/nla.382}
}

@InProceedings{Bermejo-Moreno:2013,
  author =       {Bermejo-Moreno, Iv\'{a}n and Bodart, Julien and
                  Larsson, Johan and Barney, Blaise M. and Nichols,
                  Joseph W. and Jones, Steve},
  title =        {Solving the Compressible {Navier-Stokes} Equations
                  on Up to 1.97 Million Cores and 4.1 Trillion Grid
                  Points},
  booktitle =    {Proceedings of the International Conference on High
                  Performance Computing, Networking, Storage and
                  Analysis},
  year =         2013,
  series =       {SC '13},
  pages =        {62:1-62:10},
  articleno =    62,
  doi =          {10.1145/2503210.2503265},
}

@Article{BlairPerot:2014,
  author =       {{Blair Perot}, J. and Zusi, Christopher J.},
  title =        {{Differential forms for scientists and engineers}},
  journal =      {Journal of Computational Physics},
  year =         2014,
  volume =       {257, Part B},
  pages =        {1373-1393},
  doi =          {10.1016/j.jcp.2013.08.007},
  publisher =    {Elsevier Inc.}
}

@Article{Boer:2006,
  author =       {de Boer, Gerben J. and Pietrzak, Julie D. and
                  Winterwerp, Johan C.},
  title =        {On the vertical structure of the Rhine region of
                  freshwater influence},
  journal =      {Ocean Dynamics},
  year =         2006,
  volume =       56,
  number =       3,
  pages =        {198-216},
  doi =          {10.1007/s10236-005-0042-1},
}

@Article{Boffi:2002,
  author =       {Boffi, Daniele and Gastaldi, Lucia},
  title =        {On the quadrilateral $Q_2–P_1$ element for the
                  Stokes problem},
  journal =      {International Journal for Numerical Methods in
                  Fluids},
  year =         2002,
  volume =       39,
  number =       11,
  pages =        {1001-1011},
  publisher =    {John Wiley & Sons, Ltd.},
  issn =         {1097-0363},
  doi =          {10.1002/fld.358},
  keywords =     {Stokes problem, mixed finite elements,
                  quadrilateral},
}

@Article{Bosch:2014,
  author =       {Bosch, Jessica and Kay, David and Stoll, Martin and
                  Wathen, Andrew J.},
  title =        {{Fast solvers for Cahn-Hilliard inpainting}},
  journal =      {SIAM Journal on Imaging Sciences},
  year =         2014,
  volume =       7,
  number =       1,
  pages =        {67-97},
  doi =          {10.1137/130921842},
}

@InProceedings{Boyle:2013,
  author =       {Boyle, Peter and Buchoff, Michael I. and Christ,
                  Norman and Izubuchi, Taku and Jung, Chulwoo and Luu,
                  Thomas C. and Mawhinney, Robert and Schroeder, Chris
                  and Soltz, Ron and Vranas, Pavlos and Wasem, Joseph},
  title =        {The Origin of Mass},
  booktitle =    {Proceedings of the International Conference on High
                  Performance Computing, Networking, Storage and
                  Analysis},
  year =         2013,
  series =       {SC '13},
  pages =        {4:1-4:10},
  articleno =    4,
  doi =          {10.1145/2503210.2504561},
}

@Article{Boyle:2015,
  author =       {Boyle, Peter and Yamaguchi, Azusa and Cossu, Guido
                  and Portelli, Antonin},
  title =        {{Grid: A next generation data parallel C++ QCD
                  library}},
  year =         2015,
  eprint =       {1512.03487},
  archiveprefix ={arXiv},
  primaryclass = {hep-lat},
}

@Article{Brandt:1977,
  author =       {Brandt, Achi},
  title =        {Multi-level adaptive solutions to boundary-value
                  problems},
  journal =      {Mathematics of Computation},
  year =         1977,
  volume =       31,
  number =       138,
  pages =        {333-390}
}

@Article{Brandt:1994,
  author =       {Brandt, Achi and Diskin, Boris},
  title =        {Multigrid solvers on decomposed domains},
  journal =      {Contemporary Mathematics},
  year =         1994,
  volume =       157,
  pages =        {135-135},
  publisher =    {AMERICAN MATHEMATICAL SOCIETY}
}

@Book{Brandt:2011,
  author =       {Brandt, A. and Livne, O.},
  title =        {Multigrid Techniques},
  publisher =    {Society for Industrial and Applied Mathematics},
  year =         2011,
  doi =          {10.1137/1.9781611970753},
}

@Article{Brdar:2012,
  author =       {S. Brdar and A. Dedner and R. Kl\"ofkorn},
  title =        {Compact and Stable Discontinuous Galerkin Methods
                  for Convection-Diffusion Problems},
  journal =      {SIAM Journal on Scientific Computing},
  year =         2012,
  volume =       34,
  number =       1,
  pages =        {A263-A282},
  doi =          {10.1137/100817528},
}

@Book{Brenner:2008,
  author =       {Brenner, SC and Scott, LR},
  title =        {{The mathematical theory of finite element methods}},
  publisher =    {Springer New York},
  year =         2008,
  volume =       15,
  series =       {Texts in Applied Mathematics},
  address =      {New York, NY},
  doi =          {10.1007/978-0-387-75934-0},
  isbn =         {978-0-387-75933-3}
}

@Article{Brezina:2005,
  author =       {M. Brezina and R. Falgout and S. MacLachlan and T.
                  Manteuffel and S. McCormick and J. Ruge},
  title =        {Adaptive Smoothed Aggregation ($\alpha${SA})
                  Multigrid},
  journal =      {SIAM Review},
  year =         2005,
  volume =       47,
  number =       2,
  pages =        {317-346},
  doi =          {10.1137/050626272},
}

@TechReport{Brown:2008,
  author =       {David L. Brown and John Bell and Donald Estep and
                  William Gropp and Bruce Hendrickson and Sallie
                  Keller-McNulty and David Keyes and J. Tinsley Oden
                  and Linda Petzold and Margaret Wright},
  title =        {Applied mathematics and the {U.S.} {Department} of
                  {Energy}: past, present and a view to the future},
  institution =  {Lawrence Livermore National Laboratory},
  year =         2008,
  number =       {LLNL-TR-401536}
}

@Article{Brown:2010,
  author =       {Jed Brown},
  title =        {Efficient Nonlinear Solvers for Nodal High-Order
                  Finite Elements in {3D}},
  journal =      {Journal of Scientific Computing},
  year =         2010,
  volume =       45,
  number =       {1-3},
  pages =        {48-63},
  doi =          {10.1007/s10915-010-9396-8}
}

@InProceedings{Brown:2012,
  author =       {Brown, Jed and Knepley, Matthew G. and May, David A.
                  and McInnes, Lois Curfman and Smith, Barry},
  title =        {Composable Linear Solvers for Multiphysics},
  booktitle =    {Proceedings of the 2012 11th International Symposium
                  on Parallel and Distributed Computing},
  year =         2012,
  series =       {ISPDC '12},
  pages =        {55-62},
  address =      {Washington, DC, USA},
  publisher =    {IEEE Computer Society},
  isbn =         {978-0-7695-4805-0},
  numpages =     8,
  doi =          {10.1109/ISPDC.2012.16},
}

@TechReport{Brune:2013,
  author =       {Peter Brune and Matthew G. Knepley and Barry F.
                  Smith and Xuemin Tu},
  title =        {Composing scalable nonlinear solvers},
  institution =  {Argonne National Laboratories},
  year =         2013,
  number =       {ANL/MCS-P2010-0112}
}

@Article{Bunya:2009,
  author =       {Shintaro Bunya and Ethan J. Kubatko and Joannes J.
                  Westerink and Clint Dawson},
  title =        {A wetting and drying treatment for the Runge–Kutta
                  discontinuous Galerkin solution to the shallow water
                  equations},
  journal =      {Computer Methods in Applied Mechanics and
                  Engineering},
  year =         2009,
  volume =       198,
  number =       {17–20},
  pages =        {1548-1562},
  doi =          {10.1016/j.cma.2009.01.008},
}

@Article{Burgess:1997,
  author =       {Burgess, D.A. and Giles, M.B.},
  title =        {{Renumbering unstructured grids to improve the
                  performance of codes on hierarchical memory
                  machines}},
  journal =      {Advances in Engineering Software},
  year =         1997,
  volume =       28,
  number =       3,
  pages =        {189-201},
  doi =          {10.1016/S0965-9978(96)00039-7},
  issn =         09659978
}

@Article{Burman:2014,
  author =       {Burman, Erik and Claus, Susanne and Massing,
                  Andr\'{e}},
  title =        {{A Stabilized Cut Finite Element Method for the
                  Three Field Stokes Problem}},
  year =         2014,
  archiveprefix ={arXiv},
  eprint =       {1408.5165},
  url =          {http://arxiv.org/abs/1408.5165},
}

@Article {Bustamante:2015,
  author =       {Bustamante, R. and Rajagopal, K. R.},
  title =        {Implicit constitutive relations for nonlinear
                  magnetoelastic bodies},
  journal =      {Proceedings of the Royal Society of London A:
                  Mathematical, Physical and Engineering Sciences},
  year =         2015,
  volume =       471,
  number =       2175,
  doi =          {10.1098/rspa.2014.0959},
  publisher =    {The Royal Society},
  isbn =         {1471-2946},
  issn =         {1364-5021}
}

@Article{Cai:2002,
  author =       {Xiao-Chuan Cai and David E. Keyes},
  title =        {Nonlinearly Preconditioned Inexact Newton
                  Algorithms},
  journal =      {SIAM Journal on Scientific Computing},
  year =         2002,
  volume =       24,
  number =       1,
  pages =        {183-200},
  doi =          {10.1137/S106482750037620X},
}

@Book{Carey:1986,
  author =       {Graham F. Carey and Tinsley J. Oden},
  title =        {{Finite Elements: Fluid Mechanics Vol., VI}},
  publisher =    {Prentice-Hall, Inc.},
  year =         1986
}

@PhdThesis{Carson:2015,
  author =       {Erin Claire Carson},
  title =        {Communication-Avoiding {Krylov} Subspace Methods in
                  Theory and Practice},
  school =       {University of California, Berkeley},
  year =         2015,
}

@Book{Castro:2015,
  editor =       {A. Berm\'{u}dez de Castro and A. Valli},
  title =        {Computational Electromagnetism},
  publisher =    {Springer},
  year =         2015,
  series =       {Lecture Notes in Mathematics}
}

@Article{Cates:2008,
  author =       {Cates, M. E. and Fielding, S. M. and Marenduzzo, D.
                  and Orlandini, E. and Yeomans, J. M.},
  title =        {Shearing Active Gels Close to the Isotropic-Nematic
                  Transition},
  journal =      {Phys. Rev. Lett.},
  year =         2008,
  volume =       101,
  pages =        068102,
  issue =        6,
  publisher =    {American Physical Society},
  doi =          {10.1103/PhysRevLett.101.068102},
}

@Article{Chang:2015,
  author =       {Chang, J and Karra, S and Nakshatrala, KB},
  title =        {Large-scale Optimization-based Non-negative
                  Computational Framework for Diffusion Equations:
                  Parallel Implementation and Performance Studies},
  journal =      {arXiv preprint arXiv:1506.08435},
  year =         2015
}

@Article{Christiansen:2015,
  author =       {Christiansen, Snorre H. and Gillette, Andrew},
  title =        {Constructions of some minimal finite element
                  systems},
  journal =      {arXiv preprint arXiv:1504.04670},
  year =         2015
}

@Article{Christlieb:2010,
  author =       {Andrew J. Christlieb and Colin B. Macdonald and
                  Benjamin W. Ong},
  title =        {Parallel High-Order Integrators},
  journal =      {SIAM Journal on Scientific Computing},
  year =         2010,
  volume =       32,
  number =       2,
  pages =        {818-835},
  doi =          {10.1137/09075740X},
}

@Article {Cockburn:2003,
  author =       {Cockburn, B.},
  title =        {{Discontinuous Galerkin methods}},
  journal =      {Zeitschrift f\"{u}r Angewandte Mathematik und
                  Mechanik},
  year =         2003,
  volume =       83,
  number =       11,
  pages =        {731-754},
  doi =          {10.1002/zamm.200310088},
}

@Article{Cockburn:2009,
  author =       {Bernardo Cockburn and Jayadeep Gopalakrishnan and
                  Raytcho Lazarov},
  title =        {Unified Hybridization of Discontinuous Galerkin,
                  Mixed, and Continuous Galerkin Methods for Second
                  Order Elliptic Problems},
  journal =      {{SIAM} Journal on Numerical Analysis},
  year =         2009,
  volume =       47,
  number =       2,
  pages =        {1319-1365},
  doi =          {10.1137/070706616}
}

@Article{Cotter:2012,
  author =       {Cotter, C J and Thuburn, J},
  title =        {{A finite element exterior calculus framework for
                  the rotating shallow-water equations}},
  year =         2012,
  archiveprefix ={arXiv},
  eprint =       {1207.3336},
  keywords =     {2000 msc,65m60,76m10,finite element exterior
                  calculus,numerical weather,potential
                  vorticity,prediction,shallow water equations},
  url =          {http://arxiv.org/abs/1207.3336}
}

@Article{Cotter:2012a,
  author =       {Cotter, C. J. and Shipton, J.},
  title =        {Mixed finite elements for numerical weather
                  prediction},
  journal =      {Journal of Computational Physics},
  year =         2012,
  volume =       231,
  pages =        {7076-7091},
  issue =        21,
  publisher =    {Elsevier},
  doi =          {10.1016/j.jcp.2012.05.020}
}

@Article{Cyr:2012,
  author =       {Cyr, Eric C. and Shadid, John N. and Tuminaro,
                  Raymond S.},
  title =        {{Stabilization and scalable block preconditioning
                  for the Navier–Stokes equations}},
  journal =      {Journal of Computational Physics},
  year =         2012,
  volume =       231,
  number =       2,
  pages =        {345-363},
  doi =          {10.1016/j.jcp.2011.09.001},
  issn =         00219991,
  keywords =     {Block preconditioning,Fully-implicit,Large-scale
                  parallel,Multilevel
                  preconditioner,Navier–Stokes,Stabilized finite
                  element}
}

@Article{Cyr:2016,
  author =       {Eric C. Cyr and John N. Shadid and Raymond S.
                  Tuminaro},
  title =        {{Teko: A block preconditioning capability with
                  concrete example applications in Navier-Stokes and
                  MHD}},
  journal =      {SIAM Journal on Scientific Computing},
  year =         2016,
  volume =       38,
  number =       5,
  pages =        {S307-S331},
  publisher =    {SIAM},
  doi =          {10.1137/15M1017946}
}

@Article{Dalcin:2011,
  author =       {Lisandro D. Dalcin and Rodrigo R. Paz and Pablo A.
                  Kler and Alejandro Cosimo},
  title =        {{Parallel distributed computing using Python}},
  journal =      {Advances in Water Resources},
  year =         2011,
  volume =       34,
  number =       9,
  pages =        {1124-1139},
  note =         {New Computational Methods and Software Tools},
  doi =          {10.1016/j.advwatres.2011.04.013}
}

@Article{Davis:2004,
  author =       {Timothy A. Davis},
  title =        {{Algorithm 832: UMFPACK V4.3-an unsymmetric-pattern
                  multifrontal method}},
  journal =      {ACM Transactions on Mathematical Software},
  year =         2004,
  volume =       30,
  number =       2,
  pages =        {196-199},
  publisher =    {ACM},
  doi =          {10.1145/992200.992206}
}

@Book{Deuflhard:2006,
  author =       {Peter Deuflhard},
  title =        {Newton methods for nonlinear problems: affine
                  invariance and adaptive algorithms},
  publisher =    {Springer},
  year =         2006,
  volume =       35,
  series =       {Computational Mathematics}
}

@PhdThesis{Dickopf:2010,
  author =       {Thomas Dickopf},
  title =        {On multilevel methods based on non-nested meshes},
  school =       {Rheinische Friedrich-Wilhelms-Universit\"{a}t Bonn},
  year =         2010,
  url =          {http://hss.ulb.uni-bonn.de/2010/2365/2365.htm},
}

@Article{Diskin:2005,
  author =       {Boris Diskin and James L. Thomas and Raymond E.
                  Mineck},
  title =        {On Quantitative Analysis Methods for Multigrid
                  Solutions},
  journal =      {SIAM Journal on Scientific Computing},
  year =         2005,
  volume =       27,
  number =       1,
  pages =        {108-129},
  doi =          {10.1137/030601521},
}

@TechReport{Driscoll:1996,
  author =       {Tobin A. Driscoll and Kim-Chuan Toh and Lloyd N.
                  Trefethen},
  title =        {Matrix Iterations: The Six Gaps Between Potential
                  Theory and Convergence},
  institution =  {Cornell University},
  year =         1996,
  number =       {96-245},
  url =          {http://hdl.handle.net/1813/5577}
}

@Article{Driscoll:1998,
  author =       {Tobin A. Driscoll and Kim-Chuan Toh and Lloyd N.
                  Trefethen},
  title =        {From Potential Theory to Matrix Iterations in Six
                  Steps},
  journal =      {SIAM Review},
  year =         1998,
  volume =       40,
  number =       3,
  pages =        {547-578},
  doi =          {10.1137/S0036144596305582},
}

@Article{Dryja:1997,
  author =       {Dryja, M. and Hackbusch, W.},
  title =        {On the nonlinear domain decomposition method},
  journal =      {BIT Numerical Mathematics},
  year =         1997,
  volume =       37,
  number =       2,
  pages =        {296-311},
  doi =          {10.1007/BF02510214},
}

@Article{Elman:1996,
  author =       {Howard Elman and David Silvester},
  title =        {{Fast nonsymmetric iterations and preconditioning
                  for Navier-Stokes equations}},
  journal =      {SIAM Journal on Scientific Computing},
  year =         1996,
  volume =       17,
  number =       1,
  pages =        {33-46},
  publisher =    {SIAM},
  doi =          {10.1137/0917004}
}

@Article{Elman:2006,
  author =       {Howard Elman and Victoria E. Howle and John Shadid
                  and Robert Shuttleworth and Ray Tuminaro},
  title =        {{Block preconditioners based on approximate
                  commutators}},
  journal =      {SIAM Journal on Scientific Computing},
  year =         2006,
  volume =       27,
  number =       5,
  pages =        {1651-1668},
  publisher =    {SIAM},
  doi =          {10.1137/040608817}
}

@Article{Elman:2008,
  author =       {Elman, Howard and Howle, V.E. and Shadid, John and
                  Shuttleworth, Robert and Tuminaro, Ray},
  title =        {{A taxonomy and comparison of parallel block
                  multi-level preconditioners for the incompressible
                  Navier–Stokes equations}},
  journal =      {Journal of Computational Physics},
  year =         2008,
  volume =       227,
  number =       3,
  pages =        {1790-1808},
  doi =          {10.1016/j.jcp.2007.09.026},
  issn =         00219991
}

@Book{Elman:2014,
  author =       {Howard Elman and David Silvester and Andy Wathen},
  title =        {Finite elements and fast iterative solvers},
  publisher =    {Oxford University Press},
  year =         2014,
  edition =      {Second edition}
}

@Article{Embree:2003,
  author =       {Mark Embree},
  title =        {The Tortoise and the Hare: Restart GMRES},
  journal =      {SIAM Review},
  year =         2003,
  volume =       45,
  number =       2,
  pages =        {259-266},
  doi =          {10.1137/S003614450139961},
}

@Article{Emmett:2012,
  author =       {Matthew Emmett and Michael L. Minion},
  title =        {Toward an efficient parallel in time method for
                  partial differential equations},
  journal =      {Communications in Applied Mathematics and
                  Computational Science},
  year =         2012,
  volume =       7,
  number =       1,
  pages =        {105-132},
  doi =          {10.2140/camcos.2012.7.105}
}

@Article{Ern:2008,
  author =       {Ern, A. and Piperno, S. and Djadel, K.},
  title =        {A well-balanced Runge–Kutta discontinuous Galerkin
                  method for the shallow-water equations with flooding
                  and drying},
  journal =      {International Journal for Numerical Methods in
                  Fluids},
  year =         2008,
  volume =       58,
  number =       1,
  pages =        {1-25},
  publisher =    {John Wiley & Sons, Ltd.},
  issn =         {1097-0363},
  doi =          {10.1002/fld.1674},
}

@Article{Ewing:1992,
  author =       {Ewing, Richard E. and Wang, Junping},
  title =        {{Analysis of the Schwarz algorithm for mixed finite
                  elements methods}},
  journal =      {ESAIM: Mathematical Modelling and Numerical
                  Analysis},
  year =         1992,
  volume =       26,
  number =       6,
  pages =        {739--756},
  doi =          {10.1051/m2an/1992260607391},
  publisher =    {EDP Sciences}
}

@Article{Exl:2013,
  author =       {Exl, Lukas and Bance, Simon and Reichel, Franz and
                  Schrefl, Thomas and Stimming, Hans Peter and Mauser,
                  Norbert J},
  title =        {{LaBonte's method revisited: An effective steepest
                  descent method for micromagnetic energy
                  minimization}},
  year =         2013,
  pages =        {1-6},
  archiveprefix ={arXiv},
  eprint =       {1309.5796},
  keywords =     {energy minimization,finite element
                  micromagnetics,gpu,permanent magnets},
  url =          {http://arxiv.org/abs/1309.5796}
}

@Article{Fabian:1996,
  author =       {Fabian, Karl and Heider, Franz},
  title =        {{How to include magnetostriction in micromagnetic
                  models of titanomagnetite grains}},
  journal =      {Geophysical Research Letters},
  year =         1996,
  volume =       23,
  number =       20,
  pages =        {2839-2842},
  doi =          {10.1029/96GL01429},
  issn =         00948276
}

@Article{Farrell:2012,
  author =       {Farrell, PE and Cotter, CJ and Funke, SW},
  title =        {{A framework for the automation of generalised
                  stability theory}},
  journal =      {arXiv preprint arXiv:1211.6989},
  year =         2012,
  pages =        {1-23},
  keywords =
                  {1,25b25,34d10,34d15,34d20,35b20,35b30,35b35,74s05,adjoint
                  models,algorithmic differentiation,ams subject
                  classifications,classical problem of mechanics,code
                  generation,fenics,finite elements,generalised
                  stability theory,introduction,physical system is
                  a,tangent linear models,the stability of a},
  url =          {http://arxiv.org/abs/1211.6989}
}

@Article{Farrell:2013,
  author =       {P. E. Farrell and D. A. Ham and S. W. Funke and M.
                  E. Rognes},
  title =        {Automated Derivation of the Adjoint of High-Level
                  Transient Finite Element Programs},
  journal =      {SIAM Journal on Scientific Computing},
  year =         2013,
  volume =       35,
  number =       4,
  pages =        {C369-C393},
  doi =          {10.1137/120873558},
}

@Article{Farrell:2017,
  author =       {Patrick E. Farrell and John W. Pearson},
  title =        {{A preconditioner for the Ohta-Kawasaki equation}},
  journal =      {SIAM Journal on Matrix Analysis and Applications},
  year =         2017,
  volume =       38,
  number =       1,
  pages =        {217-225},
  archiveprefix ={arXiv},
  eprint =       {1603.04570},
  primaryclass = {ma.NA}
}

@Article{Farrell:2019,
  author =       {Patrick E. Farrell and Lawrence Mitchell and Florian
                  Wechsung},
  title =        {{An augmented Lagrangian preconditioner for the 3D
                  stationary incompressible Navier--Stokes equations
                  at high Reynolds number}},
  journal =      {SIAM Journal on Scientific Computing},
  year =         2019,
  volume =       41,
  number =       5,
  pages =        {A3073-A3096},
  doi =          {10.1137/18M1219370},
  archiveprefix ={arXiv},
  eprint =       {1810.03315},
  primaryclass = {math.NA}
}

@Misc{Farrell:2019c,
  author =       {Patrick E. Farrell and Yunhui He and Scott
                  MacLachlan},
  year =         2019,
  eprint =       {1908.09949},
  archiveprefix ={arXiv},
  primaryclass = {math.NA}
}

@Misc{Farrell:2020,
  author =       {Patrick E. Farrell and Lawrence Mitchell and L.
                  Ridgway Scott and Florian Wechsung},
  title =        {Robust multigrid methods for nearly incompressible
                  elasticity using macro elements},
  year =         2020,
  note =         {Submitted to SIAM Journal on Numerical Analysis},
  eprint =       {2020.02051},
  archiveprefix ={arXiv},
  primaryclass = {math.NA},
}

@Article{Farrell:2021a,
  author =       {Patrick E. Farrell and Lawrence Mitchell and L.
                  Ridgway Scott and Florian Wechsung},
  title =        {{A Reynolds-robust preconditioner for the
                  Scott--Vogelius discretization of the stationary
                  incompressible Navier--Stokes equations}},
  journal =      {The SMAI Journal of Computational Mathematics},
  year =         2021,
  volume =       7,
  doi =          {10.5802/smai-jcm.72},
  archiveprefix ={arXiv},
  eprint =       {2004.09398},
  primaryclass = {math.NA}
}

@Article{Farrell:2021b,
  author =       {Patrick E. Farrell and Matthew G. Knepley and
                  Lawrence Mitchell and Florian Wechsung},
  title =        {{PCPATCH}: software for the topological construction
                  of multigrid relaxation methods},
  journal =      {ACM Transactions on Mathematical Software},
  year =         2021,
  volume =       47,
  number =       25,
  pages =        {1--22},
  issue =        3,
  doi =          {10.1145/3445791},
  eprint =       {1912.08516},
  archiveprefix ={arXiv},
  primaryclass = {cs.MS}
}

@Article{Feng:2013,
  author =       {Z. Feng},
  title =        {Scalable Multilevel Vectorless Power Grid Voltage
                  Integrity Verification},
  journal =      {IEEE Transactions on Very Large Scale Integration
                  (VLSI) Systems},
  year =         2013,
  volume =       21,
  number =       8,
  pages =        {1388-1397},
  doi =          {10.1109/TVLSI.2012.2212033},
}

@Article{Fischer:1997,
  author =       {Paul F. Fischer},
  title =        {{An Overlapping Schwarz Method for Spectral Element
                  Solution of the Incompressible Navier--Stokes
                  Equations}},
  journal =      {Journal of Computational Physics},
  year =         1997,
  volume =       133,
  number =       1,
  pages =        {84 - 101},
  issn =         {0021-9991},
  doi =          {10.1006/jcph.1997.5651},
}

@Article{Fischer:2002,
  author =       {Fischer, Paul F. and Kruse, Gerald W. and Loth,
                  Francis},
  title =        {Spectral Element Methods for Transitional Flows in
                  Complex Geometries},
  journal =      {Journal of Scientific Computing},
  year =         2002,
  volume =       17,
  number =       1,
  pages =        {81-98},
  doi =          {10.1023/A:1015188211796},
}

@TechReport{Fischer:2015,
  author =       {Paul F. Fischer and Katherine Heisey and Misun Min},
  title =        {Scaling limits for {PDE}-based simulation},
  institution =  {Argonne National Laboratory},
  year =         2015,
  number =       {ANL/MCS-P5347-0515},
  doi =          {10.2514/6.2015-3049}
}

@Article{Fornberg:1988,
  author =       {Bengt Fornberg},
  title =        {Generation of finite difference formulas on
                  arbitrarily spaced grids},
  journal =      {Mathematics of Computation},
  year =         1988,
  volume =       51,
  number =       184,
  pages =        {699-706},
  doi =          {10.1090/S0025-5718-1988-0935077-0}
}

@Article{Fornberg:1998,
  author =       {Bengt Fornberg},
  title =        {Calculation of weights in finite difference
                  formulas},
  journal =      {SIAM Review},
  year =         1998,
  volume =       40,
  number =       3,
  pages =        {685-691},
  doi =          {10.1137/S0036144596322507}
}

@Book{Fortin:1983,
  author =       {M. Fortin and R. Glowinski},
  title =        {Augmented {L}agrangian Methods: Applications to the
                  Numerical Solution of Boundary-Value Problems},
  publisher =    {Elsevier Science Ltd},
  year =         1983,
  volume =       15,
  series =       {Studies in Mathematics and Its Applications},
  isbn =         0444866809,
}

@Article{Friedhoff:2015,
  author =       {Friedhoff, S. and MacLachlan, S.},
  title =        {A generalized predictive analysis tool for multigrid
                  methods},
  journal =      {Numerical Linear Algebra with Applications},
  year =         2015,
  pages =        {n/a-n/a},
  issn =         {1099-1506},
  doi =          {10.1002/nla.1977},
  keywords =     {local Fourier analysis, multigrid methods,
                  space-time discretizations},
}

@Misc{Fu:2018,
  author =       {Guosheng Fu and Johnny Guzm\'an and Michael Neilan},
  title =        {Exact smooth piecewise polynomial sequences on
                  {Alfeld} splits},
  year =         2018,
  eprint =       {1807.05883},
  archiveprefix ={arXiv},
  primaryclass = {math.NA},
}

@Article{Garth:2010,
  author =       {Garth, C. and Joy, K.I.},
  title =        {Fast, Memory-Efficient Cell Location in Unstructured
                  Grids for Visualization},
  journal =      {IEEE Transactions on Visualization and Computer
                  Graphics},
  year =         2010,
  volume =       16,
  number =       6,
  pages =        {1541-1550},
  doi =          {10.1109/TVCG.2010.156},
  issn =         {1077-2626},
}

@Article{Gaston:2009,
  author =       {Derek Gaston and Chris Newman and Glen Hansen and
                  Damien Lebrun-Grandié},
  title =        {MOOSE: A parallel computational framework for
                  coupled systems of nonlinear equations},
  journal =      {Nuclear Engineering and Design},
  year =         2009,
  volume =       239,
  number =       10,
  pages =        {1768-1778},
  issn =         {0029-5493},
  doi =          {10.1016/j.nucengdes.2009.05.021}
}

@InProceedings{Geveler:2011,
  author =       {Geveler, M and Ribbrock, D. and G\"{o}ddeke, D. and
                  Zajac, P. and Turek, S.},
  title =        {{Efficient Finite Element Geometric Multigrid
                  Solvers for Unstructured Grids on Graphics
                  Processing Units}},
  booktitle =    {PROCEEDINGS OF THE SECOND INTERNATIONAL CONFERENCE
                  ON PARALLEL, DISTRIBUTED, GRID AND CLOUD COMPUTING
                  FOR ENGINEERING},
  year =         2011,
  editor =       {Iv\'{a}nyi, P and Topping, B. H. V.},
  address =      {Stirlingshire, Scotland},
  publisher =    {Civil-Comp Press},
  doi =          {10.4203/ccp.95.22}
}

@Article{Geveler:2013,
  author =       {Geveler, M. and Ribbrock, D. and G\"{o}ddeke, D. and
                  Zajac, P. and Turek, S.},
  title =        {{Towards a complete FEM-based simulation toolkit on
                  GPUs: Unstructured grid finite element geometric
                  multigrid solvers with strong smoothers based on
                  sparse approximate inverses}},
  journal =      {Computers \& Fluids},
  year =         2013,
  volume =       80,
  pages =        {327-332},
  doi =          {10.1016/j.compfluid.2012.01.025},
  issn =         00457930,
  keywords =     {finite elements,gpu computing,multigrid
                  solvers,sainv,spai,sparse matrices,strong
                  smoothers,unstructured grids}
}

@PhdThesis{Ghrist:2000,
  author =       {Michelle Lynn Ghrist},
  title =        {High-order finite difference methods for wave
                  equations},
  school =       {University of Colorado},
  year =         2000
}

@Article{Ghysels:2013,
  author =       {Ghysels, P. and Vanroose, W.},
  title =        {{Hiding global synchronization latency in the
                  preconditioned Conjugate Gradient algorithm}},
  journal =      {Parallel Computing},
  year =         2013,
  pages =        {1-15},
  doi =          {10.1016/j.parco.2013.06.001},
  issn =         01678191,
  publisher =    {Elsevier B.V.}
}

@Article{Ghysels:2013a,
  author =       {Ghysels, P and Ashby, T J and Meerbergen, K and
                  Vanroose, W},
  title =        {{Hiding Global Communication Latency in the GMRES
                  Algorithm on Massively Parallel Machines}},
  journal =      {SIAM Journal on Scientific Computing},
  year =         2013,
  volume =       35,
  number =       1,
  pages =        {C48-C71},
  doi =          {10.1137/12086563X},
  issn =         {1064-8275},
  keywords =     {1,65f10,a complex system is,ams subject
                  classifications,differential
                  equations,discretization of such pdes,global
                  communication,gmres,gram-schmidt,introduction,latency
                  hiding,of,often,parallel computing,pdes,results,the
                  use of partial,to model the dynamics,widespread in
                  scientific practice}
}

@Misc{Gibson:2018,
  author =       {Thomas H. Gibson and Lawrence Mitchell and David A.
                  Ham and Colin J. Cotter},
  title =        {{Slate: extending Firedrake’s domain-specific
                  abstraction to hybridized solvers for geoscience and
                  beyond}},
  year =         2018,
  note =         {Submitted to Geoscientific Model Development},
  archiveprefix ={arXiv},
  eprint =       {1802.00303},
  primaryclass = {cs.MS}
}

@Article{Giles:2015,
  author =       {Michael B. Giles},
  title =        {{Multilevel Monte Carlo methods}},
  journal =      {Acta Numerica},
  year =         2015,
  volume =       24,
  pages =        {259-328},
  issn =         {1474-0508},
  doi =          {10.1017/S096249291500001X},
}

@Article{Gillette:2011,
  author =       {Gillette, Andrew and Bajaj, Chandrajit},
  title =        {{Dual Formulations of Mixed Finite Element Methods
                  with Applications.}},
  journal =      {Computer aided design},
  year =         2011,
  volume =       43,
  number =       10,
  pages =        {1213-1221},
  doi =          {10.1016/j.cad.2011.06.017},
  issn =         {0010-4485},
  keywords =     {discrete exterior calculus,finite element
                  method,partial differential equations},
  pmid =         21984841,
  publisher =    {Elsevier Ltd}
}

@Article{Giraldo:2013,
  author =       {F. X. Giraldo and J. F. Kelly and E. M.
                  Constantinescu},
  title =        {Implicit-Explicit Formulations of a
                  Three-Dimensional Nonhydrostatic Unified Model of
                  the Atmosphere ({NUMA})},
  journal =      {SIAM Journal on Scientific Computing},
  year =         2013,
  volume =       35,
  number =       5,
  pages =        {B1162-B1194},
  doi =          {10.1137/120876034},
}

@Article {Gopalakrishnan:2009,
  author =       {Gopalakrishnan, Jayadeep and Tan, Shuguang},
  title =        {A convergent multigrid cycle for the hybridized
                  mixed method},
  journal =      {Numerical Linear Algebra with Applications},
  year =         2009,
  volume =       16,
  number =       9,
  pages =        {689-714},
  publisher =    {John Wiley & Sons, Ltd.},
  issn =         {1099-1506},
  doi =          {10.1002/nla.636},
  keywords =     {multigrid, hybrid, mixed method, Raviart–Thomas,
                  BDM, HDG, non-nested, finite element, Lagrange
                  multipliers},
}

@Article{Greenbaum:1996,
  author =       {Anne Greenbaum and Vlastimil Pt\'{a}k and
                  Zdenv\u{e}k Strako\v{s}},
  title =        {Any Nonincreasing Convergence Curve is Possible for
                  {GMRES}},
  journal =      {SIAM Journal on Matrix Analysis and Applications},
  year =         1996,
  volume =       17,
  number =       3,
  pages =        {465-469},
  doi =          {10.1137/S0895479894275030},
}

@InProceedings{Gropp:2000,
  author =       {W. D. Gropp and D. K. Kaushik and D. E. Keyes and B.
                  F. Smith},
  title =        {Towards realistic performance bounds for implicit
                  {CFD} codes},
  booktitle =    {Parallel CFD 1999},
  year =         2000,
  editor =       {D. Keyes and A. Ecer and J. Periaux and N. Satofuka},
  pages =        {241-248},
  publisher =    {North-Holland},
  doi =          {10.1016/B978-044482851-4.50030-X}
}

@Book{Gross:2011,
  author =       {Sven Gross and Arnold Reusken},
  title =        {Numerical methods for two-phase incompressible flow},
  publisher =    {Springer},
  year =         2011,
  volume =       40,
  series =       {Computational Mathematics}
}

@InCollection{Gunther:2006,
  author =       {G\"{u}nther, Frank and Mehl, Miriam and P\"{o}gl,
                  Markus and Zenger, Christoph},
  title =        {{A Cache-Aware Algorithm for PDEs on Hierarchical
                  Data Structures}},
  booktitle =    {Applied Parallel Computing. State of the Art in
                  Scientific Computing},
  publisher =    {Springer Berlin Heidelberg},
  year =         2006,
  editor =       {Dongarra, Jack and Madsen, Kaj and Wa\'{s}niewski,
                  Jerzy},
  volume =       3732,
  series =       {Lecture Notes in Computer Science},
  pages =        {874-882},
  address =      {Berlin, Heidelberg},
  doi =          {10.1007/11558958_106}
}

@Article{Guo:2013,
  author =       {Xiaohu Guo and Gerard Gorman and Michael Lange and
                  Lawrence Mitchell and Mich\`{e}le Weiland},
  title =        {Exploring the Thread-level Parallelisms for the Next
                  Generation Geophysical Fluid Modelling Framework
                  {Fluidity-ICOM}},
  journal =      {Procedia Engineering},
  year =         2013,
  volume =       61,
  pages =        {251-257},
  note =         {25th International Conference on Parallel
                  Computational Fluid Dynamics},
  issn =         {1877-7058},
  doi =          {10.1016/j.proeng.2013.08.012},
}

@Article{Guo:2015,
  author =       {Xiaohu Guo and Michael Lange and Gerard Gorman and
                  Lawrence Mitchell and Mich\'{e}le Weiland},
  title =        {Developing a scalable hybrid {MPI/OpenMP}
                  unstructured finite element model},
  journal =      {Computers \& Fluids},
  year =         2015,
  volume =       110,
  pages =        {227-234},
  note =         {ParCFD 2013},
  issn =         {0045-7930},
  doi =          {10.1016/j.compfluid.2014.09.007},
}

@Article{Haase:2007,
  author =       {Haase, Gundolf and Liebmann, Manfred and Plank,
                  Gernot},
  title =        {{A Hilbert-order multiplication scheme for
                  unstructured sparse matrices}},
  journal =      {International Journal of Parallel, Emergent and
                  Distributed Systems},
  year =         2007,
  volume =       22,
  number =       4,
  pages =        {213-220},
  doi =          {10.1080/17445760601122084},
  issn =         {1744-5760},
  publisher =    {Taylor \& Francis}
}

@Book{Hackbusch:2012,
  author =       {Wolfgang Hackbusch},
  title =        {Tensor spaces and numerical tensor calculus},
  publisher =    {Springer},
  year =         2012,
  volume =       42,
  series =       {Computational Mathematics}
}

@InCollection{Haddar:2015,
  author =       {Haddar, Houssem},
  title =        {Analysis of Some Qualitative Methods for Inverse
                  Electromagnetic Scattering Problems},
  pages =        {191-240},
  doi =          {10.1007/978-3-319-19306-9_4},
  crossref =     {Castro:2015},
}

@Article{Haidar:2020,
  author =       {Haidar, Azzam and Bayraktar, Harun and Tomov,
                  Stanimire and Dongarra, Jack and Higham, Nicholas
                  J.},
  title =        {Mixed-precision iterative refinement using tensor
                  cores on {GPU}s to accelerate solution of linear
                  systems},
  journal =      {Proceedings of the Royal Society A: Mathematical,
                  Physical and Engineering Sciences},
  year =         2020,
  volume =       476,
  number =       2243,
  pages =        20200110,
  doi =          {10.1098/rspa.2020.0110},
}

@Book{Hairer:2006,
  author =       {Ernst Hairer and Gerhard Wanner and Christian
                  Lubich},
  title =        {Geometric numerical integration:
                  structure-preserving algorithms for ordinary
                  differential equations},
  publisher =    {Springer},
  year =         2006,
  volume =       31,
  series =       {Computational Mathematics}
}

@Book{Hairer:2008,
  author =       {E. Hairer and S. P. N\{o}rsett and G. Wanner},
  title =        {Solving ordinary differential equations {I}:
                  nonstiff problems},
  publisher =    {Springer},
  year =         2008,
  volume =       8,
  series =       {Computational Mathematics},
  edition =      {3rd},
  doi =          {10.1007/978-3-540-78862-1}
}

@Article{Hartmann:2008,
  author =       {Hartmann, Judith and Krahnke, Andreas and Zenger,
                  Christoph},
  title =        {{Cache efficient data structures and algorithms for
                  adaptive multidimensional multilevel finite element
                  solvers}},
  journal =      {Applied Numerical Mathematics},
  year =         2008,
  volume =       58,
  number =       4,
  pages =        {435-448},
  doi =          {10.1016/j.apnum.2007.01.024},
  issn =         01689274,
  keywords =     {35j05,65n30,65n55,65y20,68p05}
}

@InProceedings{Henretty:2011,
  author =       {Henretty, Tom and Stock, Kevin and Pouchet,
                  Louis-No\"{e}l and Franchetti, Franz and Ramanujam,
                  J. and Sadayappan, P.},
  title =        {{Data Layout Transformation for Stencil Computations
                  on Short-vector SIMD Architectures}},
  booktitle =    {Proceedings of the 20th International Conference on
                  Compiler Construction: Part of the Joint European
                  Conferences on Theory and Practice of Software},
  year =         2011,
  series =       {CC'11/ETAPS'11},
  pages =        {225--245},
  address =      {Berlin, Heidelberg},
  publisher =    {Springer-Verlag},
  isbn =         {978-3-642-19860-1},
  location =     {Saarbr\"ucken, Germany},
  numpages =     21,
  url =          {http://dl.acm.org/citation.cfm?id=1987237.1987255},
}

@InProceedings{Henretty:2013,
  author =       {Henretty, Tom and Veras, Richard and Franchetti,
                  Franz and Pouchet, Louis-No\"{e}l and Ramanujam, J.
                  and Sadayappan, P.},
  title =        {{A Stencil Compiler for Short-vector SIMD
                  Architectures}},
  booktitle =    {Proceedings of the 27th International ACM Conference
                  on International Conference on Supercomputing},
  year =         2013,
  series =       {ICS '13},
  pages =        {13--24},
  address =      {New York, NY, USA},
  publisher =    {ACM},
  isbn =         {978-1-4503-2130-3},
  location =     {Eugene, Oregon, USA},
  numpages =     12,
  doi =          {10.1145/2464996.2467268},
}

@Article{Heroux:2005,
  author =       {Michael A. Heroux and Roscoe A. Bartlett and
                  Victoria E. Howle and Robert J. Hoekstra and
                  Jonathon J. Hu and Tamara G. Kolda and Richard B.
                  Lehoucq and Kevin R. Long and Roger P. Pawlowski and
                  Eric T. Phipps and Andrew G. Salinger and Heidi K.
                  Thornquist and Ray S. Tuminaro and James M.
                  Willenbring and Alan Williams and Kendall S.
                  Stanley},
  title =        {{An overview of the Trilinos project}},
  journal =      {ACM Transactions on Mathematical Software},
  year =         2005,
  volume =       31,
  number =       3,
  pages =        {397-423},
  publisher =    {ACM},
  doi =          {10.1145/1089014.1089021}
}

@Article{Hestenes:1952,
  author =       {Magnus R. Hestenes and Eduard Stiefel},
  title =        {Methods of conjugate gradients for solving linear
                  systems},
  journal =      {Journal of Research of the National Bureau of
                  Standards},
  year =         1952,
  volume =       49,
  number =       6,
  pages =        {409-436}
}

@Article{Higueras:2014,
  author =       {Inmaculada Higueras and Natalie Happenhofer and
                  Othmar Koch and Friedrich Kupka},
  title =        {Optimized strong stability preserving {IMEX}
                  {Runge–Kutta} methods},
  journal =      {Journal of Computational and Applied Mathematics},
  year =         2014,
  volume =       272,
  pages =        {116-140},
  doi =          {10.1016/j.cam.2014.05.011},
}

@Article{Hiptmair:2006,
  author =       {Hiptmair, R.},
  title =        {Operator Preconditioning},
  journal =      {Computers and Mathematics with Applications},
  year =         2006,
  volume =       52,
  number =       5,
  pages =        {699-706},
  issue_date =   {September, 2006},
  doi =          {10.1016/j.camwa.2006.10.008},
}

@Article{Hiptmair:2007,
  author =       {Ralf Hiptmair and Jinchao Xu},
  title =        {Nodal auxiliary space preconditioning in
                  $H(\text{curl})$ and $H(\text{div})$ spaces},
  journal =      {SIAM Journal on Numerical Analysis},
  year =         2007,
  volume =       45,
  number =       6,
  pages =        {2483-2509},
  doi =          {10.1137/060660588},
}

@InCollection{Hiptmair:2015,
  author =       {Ralf Hiptmair},
  title =        {Maxwell's equations: continuous and discrete},
  pages =        {1-58},
  doi =          {10.1007/978-3-319-19306-9_1},
  crossref =     {Castro:2015},
}

@Article{Hirani:2013,
  author =       {Hirani, Anil N. and Kalyanaraman, Kaushik and
                  VanderZee, Evan B.},
  title =        {{Delaunay Hodge star}},
  journal =      {Computer-Aided Design},
  year =         2013,
  volume =       45,
  number =       2,
  pages =        {540-544},
  doi =          {10.1016/j.cad.2012.10.038},
  issn =         00104485,
  keywords =     {discrete exterior calculus},
  publisher =    {Elsevier Ltd}
}

@InProceedings{Hoefler:2015,
  author =       {T. Hoefler and R. Belli},
  title =        {Scientific Benchmarking of Parallel Computing
                  Systems},
  booktitle =    {SC15},
  year =         2015,
  note =         {Accepted at IEEE/ACM International Conference on
                  High Performance Computing, Networking, Storage and
                  Analysis (SC15)},
  location =     {Austin, TX, USA},
}

@Article{Holst:2012,
  author =       {Holst, Michael and Stern, Ari},
  title =        {{Geometric variational crimes: Hilbert complexes,
                  finite element exterior calculus, and problems on
                  hypersurfaces}},
  journal =      {Foundations of Computational Mathematics},
  year =         2012,
  pages =        {263-293},
  archiveprefix ={arXiv},
  doi =          {10.1007/s10208-012-9119-7},
  eprint =       {1005.4455}
}

@Misc{Homolya:2017a,
  author =       {Mikl\'os Homolya and Robert C. Kirby and David A.
                  Ham},
  title =        {{Exposing and exploiting structure: optimal code
                  generation for high-order finite element methods}},
  year =         2017,
  archiveprefix ={arXiv},
  eprint =       {1711.02473},
  primaryclass = {cs.MS},
}

@Article{Homolya:2018,
  author =       {Mikl{\'o}s Homolya and Lawrence Mitchell and Fabio
                  Luporini and David A. Ham},
  title =        {{TSFC: a structure-preserving form compiler}},
  journal =      {SIAM Journal on Scientific Computing},
  year =         2018,
  volume =       40,
  number =       3,
  pages =        {C401-C428},
  doi =          {10.1137/17M1130642},
  archiveprefix ={arXiv},
  eprint =       {1705.03667},
  primaryclass = {cs.MS},
}

@Article{Howle:2012,
  author =       {Howle, Victoria E. and Kirby, Robert C.},
  title =        {{Block preconditioners for finite element
                  discretization of incompressible flow with thermal
                  convection}},
  journal =      {Numerical Linear Algebra with Applications},
  year =         2012,
  volume =       19,
  number =       2,
  pages =        {427-440},
  publisher =    {John Wiley & Sons, Ltd},
  issn =         {1099-1506},
  doi =          {10.1002/nla.1814},
}

@Article{Howle:2012a,
  author =       {Victoria E. Howle and Robert C. Kirby and Kevin Long
                  and Brian Brennan and Kimberly Kennedy},
  title =        {{Playa: high-performance programmable linear
                  algebra}},
  journal =      {Scientific Programming},
  year =         2012,
  volume =       20,
  number =       3,
  pages =        {257-273},
  publisher =    {IOS Press},
  doi =          {10.1155/2012/606215}
}

@Article{Howle:2013,
  author =       {Victoria E. Howle and Robert C. Kirby and Geoffrey
                  Dillon},
  title =        {{Block Preconditioners for coupled physics
                  problems}},
  journal =      {SIAM Journal on Scientific Computing},
  year =         2013,
  volume =       35,
  number =       5,
  pages =        {S368-S385},
  doi =          {10.1137/120883086},
}

@Article{Ilicak:2012,
  author =       {Mehmet Il\i{}cak and Alistair J. Adcroft and Stephen
                  M. Griffies and Robert W. Hallberg},
  title =        {Spurious dianeutral mixing and the role of momentum
                  closure},
  journal =      {Ocean Modelling},
  year =         2012,
  volume =       {45–46},
  pages =        {37-58},
  doi =          {10.1016/j.ocemod.2011.10.003},
}

@Article{Ipsen:2001,
  author =       {Ilse C. F. Ipsen},
  title =        {A Note on Preconditioning Nonsymmetric Matrices},
  journal =      {SIAM Journal on Scientific Computing},
  year =         2001,
  volume =       23,
  number =       3,
  pages =        {1050-1051},
  doi =          {10.1137/S1064827500377435},
}

@Article{Isaac:2015,
  author =       {Tobin Isaac and Georg Stadler and Omar Ghattas},
  title =        {Solution of nonlinear stokes equations discretized
                  by high-order finite elements on nonconforming and
                  anisotropic meshes, with application to ice sheet
                  dynamics},
  journal =      {SIAM Journal on Scientific Computing},
  year =         2015,
  volume =       37,
  number =       6,
  pages =        {B804-B833},
  doi =          {10.1137/140974407},
}

@Article{John:2017,
  author =       {V. John and A. Linke and C. Merdon and M. Neilan and
                  L. G. Rebholz},
  title =        {On the divergence constraint in mixed finite element
                  methods for incompressible flows},
  journal =      {{SIAM} Review},
  year =         2017,
  volume =       59,
  number =       3,
  pages =        {492--544},
  doi =          {10.1137/15m1047696}
}

@Article{Joubert:1994,
  author =       {Joubert, Wayne},
  title =        {On the convergence behavior of the restarted {GMRES}
                  algorithm for solving nonsymmetric linear systems},
  journal =      {Numerical linear algebra with applications},
  year =         1994,
  volume =       1,
  number =       5,
  pages =        {427-447},
  publisher =    {Wiley Online Library}
}

@Article{Juntunen:2009,
  author =       {Juntunen, Mika and Stenberg, Rolf},
  title =        {{Nitsche's method for general boundary conditions}},
  journal =      {Mathematics of Computation},
  year =         2009,
  volume =       78,
  number =       267,
  pages =        {1353-1374},
  doi =          {10.1090/S0025-5718-08-02183-2},
  issn =         {0025-5718}
}

@Article{Karna:2015,
  author =       {Tuomas K\"{a}rn\"{a} and Ant\'{o}nio M. Baptista and
                  Jesse E. Lopez and Paul J. Turner and Craig McNeil
                  and Thomas B. Sanford},
  title =        {Numerical modeling of circulation in high-energy
                  estuaries: a {Columbia} river estuary benchmark},
  journal =      {Ocean Modelling},
  year =         2015,
  volume =       88,
  pages =        {54-71},
  doi =          {10.1016/j.ocemod.2015.01.001},
}

@Article{Karna:2018,
  author =       {Tuomas K{\"a}rn{\"a} and Stephan C. Kramer and
                  Lawrence Mitchell and David A. Ham and Matthew D.
                  Piggott and Ant\'onio M. Baptista},
  title =        {{Thetis coastal ocean model: discontinuous Galerkin
                  discretization for the three-dimensional hydrostatic
                  equations}},
  journal =      {Geoscientific Model Development},
  year =         2018,
  volume =       11,
  number =       11,
  pages =        {4359-4382},
  doi =          {10.5194/gmd-11-4359-2018},
  primaryclass = {physics.ao-ph},
  eprint =       {1711.08552},
  archiveprefix ={arXiv}
}

@Book{Karniadakis:2005,
  author =       {Karniadakis, G. and Sherwin, S.},
  title =        {Spectral/hp element methods for computational fluid
                  dynamics},
  publisher =    {Oxford University Press},
  year =         2005,
  edition =      2,
}

@Article{Kass:1988,
  author =       {Kass, M and Witkin, A and Terzopoulos, D},
  title =        {{Snakes: active contour models}},
  journal =      {International journal of computer vision},
  year =         1988,
  doi =          {10.1007/BF00133570}
}

@Article{Kay:2002,
  author =       {David Kay and Daniel Loghin and Andrew Wathen},
  title =        {{A preconditioner for the steady-state Navier-Stokes
                  equations}},
  journal =      {SIAM Journal on Scientific Computing},
  year =         2002,
  volume =       24,
  number =       1,
  pages =        {237-256},
  publisher =    {SIAM},
  doi =          {10.1137/S106482759935808X},
}

@Article{Ketcheson:2008,
  author =       {David I. Ketcheson},
  title =        {Highly Efficient Strong Stability-Preserving
                  Runge–Kutta Methods with Low-Storage
                  Implementations},
  journal =      {SIAM Journal on Scientific Computing},
  year =         2008,
  volume =       30,
  number =       4,
  pages =        {2113-2136},
  doi =          {10.1137/07070485X},
}

@Article{Ketcheson:2010,
  author =       {David I. Ketcheson},
  title =        {{R}unge–{K}utta methods with minimum storage
                  implementations},
  journal =      {Journal of Computational Physics},
  year =         2010,
  volume =       229,
  number =       5,
  pages =        {1763-1773},
  issn =         {0021-9991},
  doi =          {10.1016/j.jcp.2009.11.006},
}

@Article{Ketcheson:2014,
  author =       {David I. Ketcheson and Umair bin Waheed},
  title =        {A comparison of high-order explicit {Runge–Kutta},
                  extrapolation, and deferred correction methods in
                  serial and parallel},
  journal =      {Communications in Applied Mathematics and
                  Computational Science},
  year =         2014,
  volume =       9,
  number =       2,
  pages =        {175-200},
  doi =          {10.2140/camcos.2014.9.175}
}

@Article{Keyes:2013,
  author =       {Keyes, David E and McInnes, Lois C and Woodward,
                  Carol and Gropp, William and Myra, Eric and Pernice,
                  Michael and Bell, John and Brown, Jed and Clo, Alain
                  and Connors, Jeffrey and Constantinescu, Emil and
                  Estep, Don and Evans, Kate and Farhat, Charbel and
                  Hakim, Ammar and Hammond, Glenn and Hansen, Glen and
                  Hill, Judith and Isaac, Tobin and Jiao, Xiangmin and
                  Jordan, Kirk and Kaushik, Dinesh and Kaxiras,
                  Efthimios and Koniges, Alice and Lee, Kihwan and
                  Lott, Aaron and Lu, Qiming and Magerlein, John and
                  Maxwell, Reed and McCourt, Michael and Mehl, Miriam
                  and Pawlowski, Roger and Randles, Amanda P and
                  Reynolds, Daniel and Rivière, Beatrice and Rüde,
                  Ulrich and Scheibe, Tim and Shadid, John and
                  Sheehan, Brendan and Shephard, Mark and Siegel,
                  Andrew and Smith, Barry and Tang, Xianzhu and
                  Wilson, Cian and Wohlmuth, Barbara},
  title =        {Multiphysics simulations: Challenges and
                  opportunities},
  journal =      {International Journal of High Performance Computing
                  Applications},
  year =         2013,
  volume =       27,
  number =       1,
  pages =        {4-83},
  doi =          {10.1177/1094342012468181}
}

@Article{Kirby:2004,
  author =       {Robert C. Kirby},
  title =        {{Algorithm 839: FIAT, a new paradigm for computing
                  finite element basis functions}},
  journal =      {ACM Transactions on Mathematical Software},
  year =         2004,
  volume =       30,
  number =       4,
  pages =        {502-516},
  doi =          {10.1145/1039813.1039820},
}

@Article{Kirby:2010,
  author =       {Robert C. Kirby},
  title =        {From Functional Analysis to Iterative Methods},
  journal =      {SIAM Review},
  year =         2010,
  volume =       52,
  number =       2,
  pages =        {269-293},
  doi =          {10.1137/070706914},
}

@Article{Kirby:2014,
  author =       {Kirby, Robert C.},
  title =        {High-Performance Evaluation of Finite Element
                  Variational Forms via Commuting Diagrams and
                  Duality},
  journal =      {ACM Trans. Math. Softw.},
  year =         2014,
  volume =       40,
  number =       4,
  pages =        {25:1-25:24},
  issue_date =   {June 2014},
  issn =         {0098-3500},
  articleno =    25,
  doi =          {10.1145/2559983},
  acmid =        2559983,
  publisher =    {ACM},
  address =      {New York, NY, USA},
  keywords =     {Finite element methods, commuting diagram,
                  high-performance computing},
}

@Article{Kirby:2018,
  author =       {Robert C. Kirby and Lawrence Mitchell},
  title =        {{Solver composition across the PDE/linear algebra
                  barrier}},
  journal =      {SIAM Journal on Scientific Computing},
  year =         2018,
  volume =       40,
  number =       1,
  pages =        {C76-C98},
  doi =          {10.1137/17M1133208},
  archiveprefix ={arXiv},
  eprint =       {1706.01346},
  primaryclass = {cs.MS}
}

@Article{Klawonn:2014,
  author =       {Axel Klawonn and Martin Lanser and Oliver Rheinbach},
  title =        {{Nonlinear FETI-DP and BDDC Methods}},
  journal =      {SIAM Journal on Scientific Computing},
  year =         2014,
  volume =       36,
  number =       2,
  pages =        {A737-A765},
  doi =          {10.1137/130920563},
}

@TechReport{Knepley:2005,
  author =       {Matthew G. Knepley and Dmitry A. Karpeev},
  title =        {Flexible representation of computational meshes},
  institution =  {Argonne National Laboratory},
  year =         2005,
  number =       {ANL/MCS-P1295-1005}
}

@Article{Knepley:2009,
  author =       {Matthew G. Knepley and Dmitry A. Karpeev},
  title =        {{Mesh Algorithms for PDE with Sieve I: Mesh
                  Distribution}},
  journal =      {Scientific Programming},
  year =         2009,
  volume =       17,
  number =       3,
  pages =        {215-230},
  issn =         {1058-9244},
  numpages =     16,
  doi =          {10.1155/2009/948613},
  acmid =        1611487,
}

@Misc{Knepley:2013,
  author =       {Matthew G. Knepley and Jed Brown and Karl Rupp and
                  Barry F. Smith},
  title =        {Achieving high performance with unified residual
                  evaluation},
  year =         2013,
  eprint =       {1309.1204},
  archiveprefix ={arXiv},
  primaryclass = {cs.MS}
}

@Article{Kronbichler:2012,
  author =       {Martin Kronbichler and Katharina Kormann},
  title =        {A generic interface for parallel cell-based finite
                  element operator application},
  journal =      {Computers & Fluids},
  year =         2012,
  volume =       63,
  pages =        {135 - 147},
  issn =         {0045-7930},
  doi =          {10.1016/j.compfluid.2012.04.012},
}

@Misc{Kronbichler:2016,
  author =       {Martin Kronbichler and Wolfgang A. Wall},
  title =        {A performance comparison of continuous and
                  discontinuous Galerkin methods with multigrid
                  solvers, including a new multigrid scheme for HDG},
  year =         2016,
  archiveprefix ={arXiv},
  eprint =       {1611.03029},
  primaryclass = {ma.NA}
}

@Misc{Kronbichler:2017,
  author =       {Martin Kronbichler and Katharina Kormann},
  title =        {{Fast matrix-free evaluation of discontinuous
                  Galerkin finite element operators}},
  year =         2017,
  eprint =       {1711.03590},
  archiveprefix ={arXiv},
  primaryclass = {cs.MS},
}

@Misc{Laakmann:2021,
  author =       {Fabian Laakmann and Patrick E. Farrell and Lawrence
                  Mitchell},
  title =        {An augmented {L}agrangian preconditioner for the
                  magnetohydrodynamics equations at high {R}eynolds
                  and coupling numbers},
  year =         2021,
  note =         {Submitted to SIAM Journal on Scientific Computing},
  archiveprefix ={arXiv},
  eprint =       {2104.14855},
  primaryclass = {math.NA},
}

@InCollection{Lange:2013,
  author =       {Lange, Michael and Gorman, Gerard and Weiland,
                  Mich\`{e}le and Mitchell, Lawrence and Southern,
                  James},
  title =        {{Achieving Efficient Strong Scaling with PETSc Using
                  Hybrid MPI/OpenMP Optimisation}},
  booktitle =    {Supercomputing},
  publisher =    {Springer Berlin Heidelberg},
  year =         2013,
  editor =       {Kunkel, Julian Martin and Ludwig, Thomas and Meuer,
                  Hans Werner},
  volume =       7905,
  series =       {Lecture Notes in Computer Science},
  address =      {Berlin, Heidelberg},
  doi =          {10.1007/978-3-642-38750-0\_8},
  isbn =         {978-3-642-38749-4}
}

@Article{Lange:2016,
  author =       {Michael Lange and Lawrence Mitchell and Matthew G.
                  Knepley and Gerard J. Gorman},
  title =        {{Efficient mesh management in Firedrake using
                  PETSc-DMPlex}},
  journal =      {SIAM Journal on Scientific Computing},
  year =         2016,
  volume =       38,
  number =       5,
  pages =        {S143-S155},
  doi =          {10.1137/15M1026092},
  archiveprefix ={arXiv},
  eprint =       {1506.07749},
  primaryclass = {cs.MS},
}

@Book{LeVeque:2002,
  author =       {Randall J. LeVeque},
  title =        {{Finite-Volume methods for hyperbolic problems}},
  publisher =    {Cambridge University Press},
  year =         2002
}

@Book{LeVeque:2007,
  author =       {LeVeque, Randall J.},
  title =        {Finite Difference Methods for Ordinary and Partial
                  Differential Equations},
  publisher =    {Society for Industrial and Applied Mathematics},
  year =         2007,
  doi =          {10.1137/1.9780898717839},
}

@Article{Lee:2007,
  author =       {Y.-J. Lee and J. Wu and J. Xu and L. Zikatanov},
  title =        {{Robust subspace correction methods for nearly
                  singular systems}},
  journal =      {Mathematical Models and Methods in Applied Sciences},
  year =         2007,
  volume =       17,
  number =       11,
  pages =        {1937--1963},
  doi =          {10.1142/s0218202507002522}
}

@Article{Lewis:2005,
  author =       {Robert Michael Lewis and Stephen G. Nash},
  title =        {Model Problems for the Multigrid Optimization of
                  Systems Governed by Differential Equations},
  journal =      {SIAM Journal on Scientific Computing},
  year =         2005,
  volume =       26,
  number =       6,
  pages =        {1811-1837},
  doi =          {10.1137/S1064827502407792},
}

@InCollection{Li:2015,
  author =       {Li, Jielin and Monk, Peter and Weile, Daniel},
  title =        {Time Domain Integral Equation Methods in
                  Computational Electromagnetism},
  pages =        {111-189},
  doi =          {10.1007/978-3-319-19306-9_3},
  crossref =     {Castro:2015},
}

@Article{Linke:2019,
  author =       {Alexander Linke and Leo G. Rebholz},
  title =        {{Pressure-induced locking in mixed methods for
                  time-dependent (Navier–)Stokes equations}},
  journal =      {Journal of Computational Physics},
  year =         2019,
  volume =       388,
  pages =        {350-356},
  issn =         {0021-9991},
  doi =          {10.1016/j.jcp.2019.03.010},
}

@Article{Liu:2015,
  author =       {Lulu Liu and David E. Keyes},
  title =        {Field-Split Preconditioned Inexact Newton
                  Algorithms},
  journal =      {SIAM Journal on Scientific Computing},
  year =         2015,
  volume =       37,
  number =       3,
  pages =        {A1388-A1409},
  doi =          {10.1137/140970379},
}

@Article{Logg:2009,
  author =       {Logg, Anders},
  title =        {Efficient representation of computational meshes},
  journal =      {International Journal of Computational Science and
                  Engineering},
  year =         2009,
  volume =       4,
  number =       4,
  pages =        {283--295},
  doi =          {10.1504/IJCSE.2009.029164},
  archiveprefix ={arXiv},
  eprint =       {1205.3081},
  primaryclass = {math.NA},
}

@Article{Logg:2010,
  author =       {Logg, Anders and Wells, Garth N.},
  title =        {DOLFIN: Automated Finite Element Computing},
  journal =      {ACM Trans. Math. Softw.},
  year =         2010,
  volume =       37,
  number =       2,
  pages =        {20:1-20:28},
  issue_date =   {April 2010},
  issn =         {0098-3500},
  articleno =    20,
  doi =          {10.1145/1731022.1731030},
  acmid =        1731030,
}

@Book{Logg:2012,
  editor =       {Anders Logg and Kent-Andre Mardal and Garth N.
                  Wells},
  title =        {{Automated Solution of Differential Equations by the
                  Finite Element Method: the FEniCS Book}},
  publisher =    {Springer},
  year =         2012,
  doi =          {10.1007/978-3-642-23099-8},
  isbn =         {978-3-642-23098-1},
}

@InCollection{Long:2003,
  author =       {Kevin R. Long},
  title =        {{Sundance rapid prototyping tool for parallel PDE
                  optimization}},
  booktitle =    {Large-Scale PDE-Constrained Optimization},
  publisher =    {Springer Berlin Heidelberg},
  year =         2003,
  editor =       {Biegler, Lorenz T. and Heinkenschloss, Matthias and
                  Ghattas, Omar and van Bloemen Waanders, Bart},
  pages =        {331-341},
  address =      {Berlin, Heidelberg},
  isbn =         {978-3-642-55508-4},
  doi =          {10.1007/978-3-642-55508-4_20},
}

@Article{Long:2010,
  author =       {Kevin Long and Robert C. Kirby and Bart van Bloemen
                  Waanders},
  title =        {{Unified embedded parallel finite element
                  computations via software-based Fr{\'e}chet
                  differentiation}},
  journal =      {SIAM Journal on Scientific Computing},
  year =         2010,
  volume =       32,
  number =       6,
  pages =        {3323-3351},
  publisher =    {SIAM},
  doi =          {10.1137/09076920X}
}

@Article{Lopez:2015,
  author =       {L\'opez, H\'ector Mat\'{i}as and Gachelin,
                  J\'er\'emie and Douarche, Carine and Auradou, Harold
                  and Cl\'ement, Eric},
  title =        {Turning Bacteria Suspensions into Superfluids},
  journal =      {Phys. Rev. Lett.},
  year =         2015,
  volume =       115,
  pages =        028301,
  issue =        2,
  numpages =     5,
  publisher =    {American Physical Society},
  doi =          {10.1103/PhysRevLett.115.028301},
}

@Article{Luporini:2015,
  author =       {Luporini, Fabio and Varbanescu, Ana Lucia and
                  Rathgeber, Florian and Bercea, Gheorghe-Teodor and
                  Ramanujam, J. and Ham, David A. and Kelly, Paul H.
                  J.},
  title =        {Cross-Loop Optimization of Arithmetic Intensity for
                  Finite Element Local Assembly},
  journal =      {ACM Trans. Archit. Code Optim.},
  year =         2015,
  volume =       11,
  number =       4,
  pages =        {57:1-57:25},
  issue_date =   {January 2015},
  issn =         {1544-3566},
  articleno =    57,
  doi =          {10.1145/2687415},
  publisher =    {ACM},
}

@Article{Luporini:2017,
  author =       {Fabio Luporini and David A. Ham and Paul H. J.
                  Kelly},
  title =        {An algorithm for the optimization of finite element
                  integration loops},
  journal =      {ACM Transactions on Mathematical Software},
  year =         2017,
  volume =       44,
  number =       1,
  pages =        {3:1-3:26},
  doi =          {10.1145/3054944},
  archiveprefix ={arXiv},
  eprint =       {1604.05872},
  primaryclass = {cs.MS},
}

@Article{Lynch:1964,
  author =       {Lynch, R. E. and Rice, J. R. and Thomas, D. H.},
  title =        {Tensor product analysis of partial difference
                  equations},
  journal =      {Bull. Amer. Math. Soc.},
  year =         1964,
  volume =       70,
  number =       3,
  pages =        {378-384},
  fjournal =     {Bulletin of the American Mathematical Society},
  publisher =    {American Mathematical Society},
  url =          {http://projecteuclid.org/euclid.bams/1183526017}
}

@Article{MacDonald:2010,
  author =       {MacDonald, A. E. and Middlecoff, J. and Henderson,
                  T. and Lee, J.-L.},
  title =        {{A general method for modeling on irregular grids}},
  journal =      {International Journal of High Performance Computing
                  Applications},
  year =         2010,
  volume =       25,
  number =       4,
  pages =        {392-403},
  doi =          {10.1177/1094342010385019},
  issn =         {1094-3420}
}

@Article{Maddison:2014,
  author =       {Maddison, J.R. and Farrell, P.E.},
  title =        {{Rapid development and adjoining of transient finite
                  element models}},
  journal =      {Computer Methods in Applied Mechanics and
                  Engineering},
  year =         2014,
  volume =       276,
  pages =        {95-121},
  doi =          {10.1016/j.cma.2014.03.010},
  issn =         00457825,
  keywords =     {Automated code generation,Barotropic
                  vorticity,Discrete adjoint,FEniCS,Finite element
                  method,Navier–Stokes}
}

@Article{Malas:2014,
  author =       {T. Malas and G. Hager and H. Ltaief and D. Keyes},
  title =        {Towards energy efficiency and maximum computational
                  intensity for stencil algorithms using wavefront
                  diamond temporal blocking},
  journal =      {preprint},
  year =         2014,
  archiveprefix ={arXiv},
  eprint =       {1410.5561},
  primaryclass = {cs.PF}
}

@Article{Malas:2015,
  author =       {T. Malas and G. Hager and H. Ltaief and H. Stengel
                  and G. Wellein and D. Keyes},
  title =        {Multicore-Optimized Wavefront Diamond Blocking for
                  Optimizing Stencil Updates},
  journal =      {SIAM Journal on Scientific Computing},
  year =         2015,
  volume =       37,
  number =       4,
  pages =        {C439-C464},
  doi =          {10.1137/140991133},
}

@Book{Malek:2014,
  author =       {Málek, J. and Strakoš, Z.},
  title =        {Preconditioning and the Conjugate Gradient Method in
                  the Context of Solving {PDEs}},
  publisher =    {Society for Industrial and Applied Mathematics},
  year =         2014,
  address =      {Philadelphia, PA},
  doi =          {10.1137/1.9781611973846},
}

@Article{Mardal:2002,
  author =       {Kent Andre Mardal and Xue-Cheng Tai and Ragnar
                  Winther},
  title =        {A robust finite element method for {Darcy-Stokes}
                  flow},
  journal =      {SIAM Journal on Numerical Analysis},
  year =         2002,
  volume =       40,
  number =       5,
  pages =        {1605-1631},
  doi =          {10.1137/S0036142901383910},
}

@Article{Mardal:2011,
  author =       {Mardal, Kent-Andre and Winther, Ragnar},
  title =        {Preconditioning discretizations of systems of
                  partial differential equations},
  journal =      {Numerical Linear Algebra with Applications},
  year =         2011,
  volume =       18,
  number =       1,
  pages =        {1-40},
  issn =         {1099-1506},
  doi =          {10.1002/nla.716},
}

@InCollection{Mardal:2012,
  author =       {Kent-Andre Mardal and Joachim B. Haga},
  chapter =      {{Block preconditioning of systems of PDEs}},
  crossref =     {Logg:2012}
}

@Article{Markall:2010,
  author =       {Graham R. Markall and David A. Ham and Paul H.J.
                  Kelly},
  title =        {Towards generating optimised finite element solvers
                  for {GPU}s from high-level specifications},
  journal =      {Procedia Computer Science},
  year =         2010,
  volume =       1,
  number =       1,
  pages =        {1815-1823},
  note =         {ICCS 2010},
  doi =          {10.1016/j.procs.2010.04.203},
}

@InProceedings{Markall:2013,
  author =       {Graham R. Markall and Florian Rathgeber and Lawrence
                  Mitchell and Nicolas Loriant and Carlo Bertolli and
                  David A. Ham and Paul H. J. Kelly},
  title =        {Performance-portable finite element assembly using
                  {PyOP2} and {FEniCS}},
  booktitle =    {28th International Supercomputing Conference, ISC,
                  Proceedings},
  year =         2013,
  editor =       {Kunkel, Julian Martin and Ludwig, Thomas and Meuer,
                  Hans Werner},
  volume =       7905,
  series =       {Lecture Notes in Computer Science},
  pages =        {279--289},
  publisher =    {Springer},
  doi =          {10.1007/978-3-642-38750-0_21},
}

@Article{Markall:2013a,
  author =       {Markall, G. R. and Slemmer, A. and Ham, D. A. and
                  Kelly, P. H. J. and Cantwell, C. D. and Sherwin, S.
                  J.},
  title =        {Finite element assembly strategies on multi-core and
                  many-core architectures},
  journal =      {International Journal for Numerical Methods in
                  Fluids},
  year =         2013,
  volume =       71,
  number =       1,
  pages =        {80-97},
  doi =          {10.1002/fld.3648},
}

@Article{Matthies:2002,
  author =       {Matthies, G. and Tobiska, L.},
  title =        {The Inf-Sup Condition for the Mapped
                  $Q_k-P_{k-1}^{\mathrm{disc}}$ Element in Arbitrary
                  Space Dimensions},
  journal =      {Computing},
  year =         2002,
  volume =       69,
  number =       2,
  pages =        {119-139},
  issn =         {0010-485X},
  doi =          {10.1007/s00607-002-1451-3},
  publisher =    {Springer-Verlag},
}

@InProceedings{May:2014,
  author =       {May, Dave A. and Brown, Jed and Le Pourhiet,
                  Laetitia},
  title =        {{pTatin3D}: High-performance Methods for Long-term
                  Lithospheric Dynamics},
  booktitle =    {Proceedings of the International Conference for High
                  Performance Computing, Networking, Storage and
                  Analysis},
  year =         2014,
  series =       {SC '14},
  pages =        {274-284},
  address =      {Piscataway, NJ, USA},
  publisher =    {IEEE Press},
  isbn =         {978-1-4799-5500-8},
  numpages =     11,
  doi =          {10.1109/SC.2014.28},
  acmid =        2683624,
}

@Article{May:2015,
  author =       {D.A. May and J. Brown and L. Le Pourhiet},
  title =        {A scalable, matrix-free multigrid preconditioner for
                  finite element discretizations of heterogeneous
                  Stokes flow},
  journal =      {Computer Methods in Applied Mechanics and
                  Engineering},
  year =         2015,
  volume =       290,
  number =       0,
  pages =        {496-523},
  issn =         {0045-7825},
  doi =          {10.1016/j.cma.2015.03.014},
}

@InProceedings{May:2016,
  author =       {May, Dave A. and Sanan, Patrick and Rupp, Karl and
                  Knepley, Matthew G. and Smith, Barry F.},
  title =        {{Extreme-Scale Multigrid Components Within PETSc}},
  booktitle =    {Proceedings of the Platform for Advanced Scientific
                  Computing Conference},
  year =         2016,
  series =       {PASC '16},
  pages =        {5:1-5:12},
  address =      {New York, NY, USA},
  publisher =    {ACM},
  isbn =         {978-1-4503-4126-4},
  location =     {Lausanne, Switzerland},
  articleno =    5,
  numpages =     12,
  doi =          {10.1145/2929908.2929913},
  acmid =        2929913,
  archiveprefix ={arXiv},
  eprint =       {1604.07163},
  primaryclass = {cs.MS}
}

@Article{McCalpin:1995,
  author =       {John D. McCalpin},
  title =        {{Memory Bandwidth and Machine Balance in Current
                  High Performance Computers}},
  journal =      {IEEE Computer Society Technical Committee on
                  Computer Architecture Newsletter},
  year =         1995,
  pages =        {19-25},
}

@Article{McRae:2014,
  author =       {McRae, Andrew T. T. and Cotter, Colin J.},
  title =        {Energy- and enstrophy-conserving schemes for the
                  shallow-water equations, based on mimetic finite
                  elements},
  journal =      {Quarterly Journal of the Royal Meteorological
                  Society},
  year =         2014,
  volume =       140,
  number =       684,
  pages =        {2223-2234},
  publisher =    {John Wiley & Sons, Ltd},
  issn =         {1477-870X},
  doi =          {10.1002/qj.2291},
  keywords =     {mixed finite element, energy conservation,
                  shallow-water equations},
  archiveprefix ={arXiv},
  eprint =       {1305.4477},
}

@Article{McRae:2016,
  author =       {Andrew T. T. McRae and Gheorghe-Teodor Bercea and
                  Lawrence Mitchell and David A. Ham and Colin J.
                  Cotter},
  title =        {{Automated generation and symbolic manipulation of
                  tensor product finite elements}},
  journal =      {SIAM Journal on Scientific Computing},
  year =         2016,
  volume =       38,
  number =       5,
  pages =        {S25-S47},
  doi =          {10.1137/15M1021167},
  archiveprefix ={arXiv},
  eprint =       {1411.2940},
  primaryclass = {math.NA},
}

@Article{Mehl:2006,
  author =       {Mehl, M. and Weinzierl, T. and Zenger, Chr.},
  title =        {{A cache-oblivious self-adaptive full multigrid
                  method}},
  journal =      {Numerical Linear Algebra with Applications},
  year =         2006,
  volume =       13,
  number =       {2-3},
  pages =        {275-291},
  doi =          {10.1002/nla.481},
  issn =         {1070-5325}
}

@Article{Membarth:2014,
  author =       {Membarth, Richard and Reiche, Oliver and Schmitt,
                  Christian and Hannig, Frank and Teich, J\"{u}rgen
                  and St\"{u}rmer, Markus and K\"{o}stler, Harald},
  title =        {{Towards a performance-portable description of
                  geometric multigrid algorithms using a
                  domain-specific language}},
  journal =      {Journal of Parallel and Distributed Computing},
  year =         2014,
  doi =          {10.1016/j.jpdc.2014.08.008},
  issn =         07437315,
  keywords =     {CUDA,Code generation,Domain-specific
                  language,GPU,Image
                  pyramid,Multigrid,Multiresolution,OpenCL,Stencil
                  codes}
}

@TechReport{Merrill:2016,
  author =       {Duane Merrill and Michael Garland},
  title =        {Single-pass parallel prefix scan with decoupled
                  look-back},
  institution =  {NVIDIA},
  year =         2016,
  number =       {NVR-2016-002}
}

@Book{Metz:2005,
  editor =       {Bert Metz and Ogunlade Davidson and Heleen de
                  Coninck and Manuela Loos and Leo Meyer},
  title =        {Carbon Dioxide Capture and Storage},
  publisher =    {Cambridge University Press},
  year =         2005,
  note =         {Special Report of the Intergovernmental Panel on
                  Climate Change}
}

@Article{Mitchell:2007,
  author =       {Mitchell, L and Ackland, G. J},
  title =        {{Strategy bifurcation and spatial inhomogeneity in a
                  simple model of competing sellers}},
  journal =      {Europhysics Letters (EPL)},
  year =         2007,
  volume =       79,
  number =       4,
  pages =        48003,
  doi =          {10.1209/0295-5075/79/48003},
  issn =         {0295-5075}
}

@Article{Mitchell:2009,
  author =       {Mitchell, L. and Ackland, G. J.},
  title =        {{Boom and bust in continuous time evolving economic
                  model}},
  journal =      {The European Physical Journal B},
  year =         2009,
  volume =       70,
  number =       4,
  pages =        {567-573},
  doi =          {10.1140/epjb/e2009-00243-y},
  issn =         {1434-6028}
}

@PhdThesis{Mitchell:2009a,
  author =       {Mitchell, Lawrence},
  title =        {{Competition in an evolving stochastic market}},
  school =       {The University of Edinburgh},
  year =         2009,
  type =         {PhD},
  keywords =     {Bertrand model,economics,pricing
                  strategies,uncompetitive sellers},
  language =     {en},
  publisher =    {The University of Edinburgh},
  url =          {http://www.era.lib.ed.ac.uk/handle/1842/4352}
}

@Article{Mitchell:2010,
  author =       {Mitchell, Lawrence and Cates, Michael E},
  title =        {{Hawkes process as a model of social interactions: a
                  view on video dynamics}},
  journal =      {Journal of Physics A: Mathematical and Theoretical},
  year =         2010,
  volume =       43,
  number =       4,
  pages =        045101,
  doi =          {10.1088/1751-8113/43/4/045101},
  issn =         {1751-8113},
  language =     {en},
  publisher =    {IOP Publishing}
}

@InProceedings{Mitchell:2010a,
  author =       {Mitchell, Lawrence and Bishop, Martin and Hötzl,
                  Elena and Neic, Aurel and Liebmann, Manfred and
                  Haase, Gundolf and Plank, Gernot and Simos, Theodore
                  E. and Psihoyios, George and Tsitouras, Ch.},
  title =        {{Modeling Cardiac Electrophysiology at the Organ
                  Level in the Peta FLOPS Computing Age}},
  booktitle =    {AIP Conference Proceedings},
  year =         2010,
  volume =       1281,
  number =       1,
  pages =        {407-410},
  publisher =    {American Institute of Physics},
  doi =          {10.1063/1.3498492},
  issn =         {0094243X},
  keywords =     {bioelectric phenomena,cardiology,numerical
                  analysis,wave equations},
  language =     {en}
}

@InProceedings{Mitchell:2011,
  author =       {Mitchell, Lawrence and Sloan, Terence M. and
                  Mewissen, Muriel and Ghazal, Peter and Forster,
                  Thorsten and Piotrowski, Michal and Trew, Arthur S.},
  title =        {{A parallel random forest classifier for R}},
  booktitle =    {Proceedings of the second international workshop on
                  Emerging computational methods for the life sciences
                  - ECMLS '11},
  year =         2011,
  pages =        {1-6},
  address =      {New York, New York, USA},
  publisher =    {ACM Press},
  doi =          {10.1145/1996023.1996024},
  isbn =         9781450307024,
  keywords =     {post genomics,statistical methods}
}

@Article{Mitchell:2012,
  author =       {Mitchell, Lawrence and Sloan, Terence M. and
                  Mewissen, Muriel and Ghazal, Peter and Forster,
                  Thorsten and Piotrowski, Michal and Trew, Arthur},
  title =        {{Parallel classification and feature selection in
                  microarray data using SPRINT}},
  journal =      {Concurrency and Computation: Practice and
                  Experience},
  year =         2012,
  pages =        {854-865},
  doi =          {10.1002/cpe.2928},
  issn =         15320626
}

@Article{Mitchell:2016,
  author =       {Lawrence Mitchell and Eike Hermann M\"uller},
  title =        {High level implementation of geometric multigrid
                  solvers for finite element problems: applications in
                  atmospheric modelling},
  journal =      {Journal of Computational Physics},
  year =         2016,
  volume =       327,
  pages =        {1-18},
  doi =          {10.1016/j.jcp.2016.09.037},
  archiveprefix ={arXiv},
  eprint =       {1605.00492},
  primaryclass = {cs.MS},
}

@Article{Morgan:1975,
  author =       {John Morgan and Ridgway Scott},
  title =        {A nodal basis for ${C}^1$ piecewise polynomials of
                  degree $n \geq 5$},
  journal =      {Math. Comp.},
  year =         1975,
  volume =       29,
  pages =        {736--740}
}

@InProceedings{Mudalige:2012,
  author =       {G. R. Mudalige and M. B. Giles and I. Reguly and C.
                  Bertolli and P. H. J. Kelly},
  title =        {{OP2: An active library framework for solving
                  unstructured mesh-based applications on multi-core
                  and many-core architectures}},
  booktitle =    {2012 Innovative Parallel Computing (InPar)},
  year =         2012,
  pages =        {1-12},
  doi =          {10.1109/InPar.2012.6339594},
}

@Article{Mueller:2014,
  author =       {M\"{u}ller, Eike H. and Scheichl, Robert},
  title =        {Massively parallel solvers for elliptic partial
                  differential equations in numerical weather and
                  climate prediction},
  journal =      {Quarterly Journal of the Royal Meteorological
                  Society},
  year =         2014,
  volume =       140,
  number =       685,
  pages =        {2608-2624},
  archiveprefix ={arXiv},
  eprint =       {1307.2036}
}

@Misc{Muething:2017,
  author =       {Steffen M\"uthing and Marian Piatkowski and Peter
                  Bastian},
  title =        {{High-performance Implementation of Matrix-free
                  High-order Discontinuous Galerkin Methods}},
  year =         2017,
  eprint =       {1711.10885},
  archiveprefix ={arXiv},
  primaryclass = {math.NA}
}

@Article{Murphy:2000,
  author =       {Malcolm F. Murphy and Gene H. Golub and Andrew J.
                  Wathen},
  title =        {A Note on Preconditioning for Indefinite Linear
                  Systems},
  journal =      {SIAM Journal on Scientific Computing},
  year =         2000,
  volume =       21,
  number =       6,
  pages =        {1969-1972},
  doi =          {10.1137/S1064827599355153},
}

@Article{Nachtigal:1992,
  author =       {Nachtigal, NM and Reddy, SC and Trefethen, LN},
  title =        {{How fast are nonsymmetric matrix iterations?}},
  journal =      {SIAM Journal on Matrix Analysis and \ldots},
  year =         1992,
  volume =       13,
  number =       3,
  pages =        {778-795},
  keywords =     {1,65f10,ams,bcg,been,cgn,cgs,conjugate gradient
                  iteration,gmres,introduction,iterative method,krylov
                  space,more than a dozen,mos,normal
                  equations,parameter-free iterative methods
                  have,pseudospectrum,subject classification},
  doi =          {10.1137/0613049}
}

@Article{Neic:2012,
  author =       {Neic, A and Liebmann, M and Hoetzl, E and Mitchell,
                  L and Vigmond, E J and Haase, G and Plank, G},
  title =        {{Accelerating cardiac bidomain simulations using
                  graphics processing units.}},
  journal =      {IEEE transactions on bio-medical engineering},
  year =         2012,
  volume =       59,
  number =       8,
  pages =        {2281-2290},
  doi =          {10.1109/TBME.2012.2202661},
  issn =         {1558-2531},
  keywords =     {Algorithms,Animals,Computer Graphics,Computing
                  Methodologies,Heart Ventricles,Heart Ventricles:
                  anatomy \& histology,Models,
                  Cardiovascular,Rabbits,Ventricular Function},
  pmid =         22692867,
  shorttitle =   {Biomedical Engineering, IEEE Transactions on}
}

@Article{Neilan:2015,
  author =       {Neilan, Michael and Sap, Duygu},
  title =        {Stokes elements on cubic meshes yielding
                  divergence-free approximations},
  journal =      {Calcolo},
  year =         2015,
  pages =        {1-21},
  issn =         {0008-0624},
  doi =          {10.1007/s10092-015-0148-x},
  publisher =    {Springer Milan},
}

@Article{Neilan:2015a,
  author =       {Michael Neilan},
  title =        {{Discrete and conforming smooth de Rham complexes in
                  three dimensions}},
  journal =      {Mathematics of Computation},
  year =         2015,
  volume =       84,
  number =       295,
  pages =        {2059--2081},
  doi =          {10.1090/S0025-5718-2015-02958-5}
}

@Article{Niederer:2011,
  author =       {Niederer, Steven and Mitchell, Lawrence and Smith,
                  Nicolas and Plank, Gernot},
  title =        {{Simulating human cardiac electrophysiology on
                  clinical time-scales.}},
  journal =      {Frontiers in physiology},
  year =         2011,
  volume =       2,
  pages =        14,
  doi =          {10.3389/fphys.2011.00014},
  issn =         {1664-042X},
  pmid =         21516246
}

@Article{Nitsche:1971,
  author =       {Nitsche, J},
  title =        {{\"{U}ber ein Variationsprinzip zur L\"{o}sung von
                  Dirichlet-Problemen bei Verwendung von
                  Teilr\"{a}umen, die keinen Randbedingungen
                  unterworfen sind}},
  journal =      {{Abhandlungen aus dem Mathematischen Seminar der
                  Universit\"{a}t Hamburg}},
  year =         1971,
  volume =       0321644,
  pages =        321644
}

@Article{Olgaard:2010,
  author =       {\O{}lgaard, Kristian B. and Wells, Garth N.},
  title =        {Optimizations for Quadrature Representations of
                  Finite Element Tensors Through Automated Code
                  Generation},
  journal =      {ACM Trans. Math. Softw.},
  year =         2010,
  volume =       37,
  number =       1,
  pages =        {8:1-8:23},
  issue_date =   {January 2010},
  issn =         {0098-3500},
  articleno =    8,
  doi =          {10.1145/1644001.1644009},
}

@Article{Ootomo:2024,
  author =       {Hiroyuki Ootomo and Katsuhisa Ozaki and Rio Yokota},
  title =        {{DGEMM} on integer matrix multiplication unit},
  journal =      {The International Journal of High Performance
                  Computing Applications},
  year =         2024,
  volume =       38,
  number =       4,
  pages =        {297-313},
  doi =          {10.1177/10943420241239588},
}

@Article{Orszag:1980,
  author =       {Steven A. Orszag},
  title =        {Spectral methods for problems in complex geometries},
  journal =      {Journal of Computational Physics},
  year =         1980,
  volume =       37,
  number =       1,
  pages =        {70-92},
  doi =          {10.1016/0021-9991(80)90005-4},
}

@Article{Ozaki:2012,
  author =       {Katsuhisa Ozaki and Takeshi Ogita and Shin'ichi
                  Oishi and Siegfried M. Rump},
  title =        {Error-free transformations of matrix multiplication
                  by using fast routines of matrix multiplication and
                  its applications},
  journal =      {Numerical Algorithms},
  year =         2012,
  volume =       59,
  pages =        {95-118},
  doi =          {10.1007/s11075-011-9478-1}
}

@Article{Paige:1975,
  author =       {Christopher C. Paige and Michael A. Saunders},
  title =        {Solution of sparse indefinite systems of linear
                  equations},
  journal =      {SIAM Journal on Numerical Analysis},
  year =         1975,
  volume =       12,
  number =       4,
  pages =        {617-629},
  doi =          {10.1137/0712047},
}

@InProceedings{Papadomanolakis:2006,
  author =       {Papadomanolakis, Stratos and Ailamaki, Anastassia
                  and Lopez, Julio C and Tu, Tiankai and O'Hallaron,
                  David R and Heber, Gerd},
  title =        {Efficient query processing on unstructured
                  tetrahedral meshes},
  booktitle =    {Proceedings of the 2006 ACM SIGMOD international
                  conference on Management of data},
  year =         2006,
  pages =        {551-562},
  organization = {ACM}
}

@Article{Parks:2006,
  author =       {Michael L. Parks and Eric de Sturler and Greg Mackey
                  and Duane D. Johnson and Spandan Maiti},
  title =        {{Recycling Krylov Subspaces for Sequences of Linear
                  Systems}},
  journal =      {SIAM Journal on Scientific Computing},
  year =         2006,
  volume =       28,
  number =       5,
  pages =        {1651--1674},
  doi =          {10.1137/040607277},
}

@Article{Parlett:1992,
  author =       {Beresford N. Parlett},
  title =        {Some basic information on information-based
                  complexity theory},
  journal =      {Bull. Am. Math. Soc.},
  year =         1992,
  volume =       26,
  number =       1,
  pages =        {3-27},
  doi =          {10.1090/S0273-0979-1992-00239-2},
  archiveprefix ={arXiv},
  eprint =       {math/9201266},
  primaryclass = {math.NA}
}

@Article{Pavarino:1993,
  author =       {Luca F. Pavarino},
  title =        {{Additive Schwarz methods for the $p$-version finite
                  element method}},
  journal =      {Numerische Mathematik},
  year =         1993,
  volume =       66,
  number =       1,
  pages =        {493-515},
  issn =         {0945-3245},
  doi =          {10.1007/BF01385709},
}

@Article{Pavarino:1994,
  author =       {Luca F. Pavarino},
  title =        {{Schwarz methods with local refinement for the
                  $p$-version finite element method}},
  journal =      {Numerische Mathematik},
  year =         1994,
  volume =       69,
  number =       2,
  pages =        {185-211},
  publisher =    {Springer},
  doi =          {10.1007/s002110050087}
}

@Article{Pavarino:2000,
  author =       {Luca F. Pavarino and Timothy Warburton},
  title =        {{Overlapping Schwarz methods for unstructured
                  spectral elements}},
  journal =      {Journal of Computational Physics},
  year =         2000,
  volume =       160,
  number =       1,
  pages =        {298-317},
  publisher =    {Elsevier},
  doi =          {10.1006/jcph.2000.6463}
}

@Article{Peraire:2008,
  author =       {J. Peraire and P.-O. Persson},
  title =        {{The Compact Discontinuous Galerkin (CDG) Method for
                  Elliptic Problems}},
  journal =      {SIAM Journal on Scientific Computing},
  year =         2008,
  volume =       30,
  number =       4,
  pages =        {1806-1824},
  doi =          {10.1137/070685518},
}

@InProceedings{Piotrowski:2011,
  author =       {Piotrowski, Michal and Forster, Thorsten and
                  Dobrezelecki, Bartosz and Sloan, Terence M. and
                  Mitchell, Lawrence and Ghazal, Peter and Mewsissen,
                  Muriel and Petrou, Savvas and Trew, Arthur and Hill,
                  Jon},
  title =        {{Optimisation and parallelisation of the
                  partitioning around medoids function in R}},
  booktitle =    {2011 International Conference on High Performance
                  Computing \& Simulation},
  year =         2011,
  pages =        {707-713},
  publisher =    {IEEE},
  doi =          {10.1109/HPCSim.2011.5999896},
  isbn =         {978-1-61284-380-3},
  shorttitle =   {High Performance Computing and Simulation (HPCS),}
}

@Article{Piotrowski:2013,
  author =       {Piotrowski, M and McGilvary, G A and Sloan, T M and
                  Mewissen, M and Lloyd, A D and Forster, T and
                  Mitchell, L and Ghazal, P and Hill, J},
  title =        {{Exploiting parallel R in the cloud with SPRINT.}},
  journal =      {Methods of information in medicine},
  year =         2013,
  volume =       52,
  number =       1,
  pages =        {80-90},
  doi =          {10.3414/ME11-02-0039},
  issn =         {0026-1270},
  pmid =         23223611
}

@Article{Preis:1991,
  author =       {Preis, K and Bardi, I and Biro, O},
  title =        {Numerical analysis of 3D magnetostatic fields},
  journal =      {IEEE Transactions on Magnetics},
  year =         1991,
  volume =       27,
  number =       5,
  pages =        {3798-3803},
  doi =          {10.1109/20.104929},
  issn =         {0018-9464}
}

@InProceedings{Prisacari:2014,
  author =       {B. Prisacari and G. Rodriguez and P. Heidelberger
                  and D. Chen and C. Minkenberg and T. Hoefler},
  title =        {{Efficient Task Placement and Routing in Dragonfly
                  Networks}},
  booktitle =    {Proceedings of the 23rd ACM International Symposium
                  on High-Performance Parallel and Distributed
                  Computing (HPDC'14)},
  year =         2014,
  location =     {Vancouver, Canada},
  doi =          {10.1145/2600212.2600225}
}

@Article{Ptak:1977,
  author =       {Pt\'{a}k, Vlastimil},
  title =        {What should be a rate of convergence?},
  journal =      {RAIRO Analyse Num\'{e}rique},
  year =         1977,
  volume =       11,
  number =       3,
  pages =        {279-286},
  url =          {http://eudml.org/doc/193303},
}

@InProceedings{Rathgeber:2012,
  author =       {Rathgeber, Florian and Markall, Graham R. and
                  Mitchell, Lawrence and Loriant, Nicolas and Ham,
                  David A. and Bertolli, Carlo and Kelly, Paul H.J.},
  title =        {{PyOP2: A High-Level Framework for
                  Performance-Portable Simulations on Unstructured
                  Meshes}},
  booktitle =    {2012 SC Companion: High Performance Computing,
                  Networking Storage and Analysis},
  year =         2012,
  pages =        {1116-1123},
  publisher =    {IEEE},
  doi =          {10.1109/SC.Companion.2012.134},
  isbn =         {978-0-7695-4956-9},
  shorttitle =   {High Performance Computing, Networking, Storage an}
}

@Article{Rathgeber:2016,
  author =       {Florian Rathgeber and David A. Ham and Lawrence
                  Mitchell and Michael Lange and Fabio Luporini and
                  Andrew T. T. McRae and Gheorghe-Teodor Bercea and
                  Graham R. Markall and Paul H. J. Kelly},
  title =        {Firedrake: automating the finite element method by
                  composing abstractions},
  journal =      {ACM Transactions on Mathematical Software},
  year =         2016,
  volume =       43,
  number =       3,
  pages =        {24:1-24:27},
  doi =          {10.1145/2998441},
  archiveprefix ={arXiv},
  eprint =       {1501.01809},
  primaryclass = {cs.MS},
}

@InCollection{Raviart:1977,
  author =       {Raviart, P. A. and Thomas, J. M.},
  title =        {A mixed finite element method for 2nd order elliptic
                  problems},
  booktitle =    {Mathematical aspects of finite element methods},
  publisher =    {Springer},
  year =         1977,
  pages =        {292--315},
  doi =          {10.1007/BFb0064470}
}

@Article{Reguly:2015,
  author =       {Reguly, I. and Mudalige, G. and Bertolli, C. and
                  Giles, M. and Betts, A. and Kelly, P. and Radford,
                  D.},
  title =        {Acceleration of a Full-scale Industrial {CFD}
                  Application with {OP2}},
  journal =      {Parallel and Distributed Systems, IEEE Transactions
                  on},
  year =         2015,
  volume =       {PP},
  number =       99,
  doi =          {10.1109/TPDS.2015.2453972},
  issn =         {1045-9219},
  archiveprefix ={arXiv},
  eprint =       {1403.7209},
  primaryclass = {cs.CE}
}

@Article{Rhebergen:2014,
  author =       {Rhebergen, Sander and Wells, Garth N. and Katz,
                  Richard F. and Wathen, Andrew J.},
  title =        {{Analysis of Block Preconditioners for Models of
                  Coupled Magma/Mantle Dynamics}},
  journal =      {SIAM Journal on Scientific Computing},
  year =         2014,
  volume =       36,
  number =       4,
  pages =        {A1960-A1977},
  doi =          {10.1137/130946678},
  issn =         {1064-8275},
  keywords =     {65F08,76M10,86-08,86A17,finite element method,magma
                  dynamics,mantle dynamics,preconditioners},
  language =     {en},
  publisher =    {Society for Industrial and Applied Mathematics}
}

@Article{Ringler:2010,
  author =       {Ringler, T.D. and Thuburn, J. and Klemp, J.B. and
                  Skamarock, W.C.},
  title =        {{A unified approach to energy conservation and
                  potential vorticity dynamics for
                  arbitrarily-structured C-grids}},
  journal =      {Journal of Computational Physics},
  year =         2010,
  volume =       229,
  number =       9,
  pages =        {3065-3090},
  doi =          {10.1016/j.jcp.2009.12.007},
  issn =         00219991
}

@Article{Rodrigo:2010,
  author =       {Carmen Rodrigo and Francisco J. Gaspar and Cornelis
                  W. Oosterlee and Irad Yavneh},
  title =        {Accuracy Measures and Fourier Analysis for the Full
                  Multigrid Algorithm},
  journal =      {SIAM Journal on Scientific Computing},
  year =         2010,
  volume =       32,
  number =       5,
  pages =        {3108-3129},
  doi =          {10.1137/100786101},
}

@InCollection{Rodriguez:2015,
  author =       {Rodolfo, Rodr\'{i}guez},
  title =        {Numerical approximation of {M}axwell's equations in
                  low-frequency regime},
  pages =        {59-110},
  crossref =     {Castro:2015},
  doi =          {10.1007/978-3-319-19306-9_2}
}

@Article{Rognes:2009,
  author =       {Rognes, Marie E. and Kirby, Robert C. and Logg,
                  Anders},
  title =        {{Efficient Assembly of $H(\mathrm{div})$ and
                  $H(\mathrm{curl})$ Conforming Finite Elements}},
  journal =      {SIAM Journal on Scientific Computing},
  year =         2010,
  volume =       31,
  number =       6,
  pages =        {4130-4151},
  doi =          {10.1137/08073901X},
  issn =         {1064-8275},
  keywords =     {65N30,68N20,Piola,mixed finite element,variational
                  form compiler},
  language =     {en},
  publisher =    {Society for Industrial and Applied Mathematics}
}

@Article{Roy:2019,
  author =       {T. Roy and T. B. J\"onsth\"ovel and C. Lemon and A.
                  J. Wather},
  title =        {A block preconditioner for non-isothermal flow in
                  porous media},
  journal =      {Journal of Computational Physics},
  year =         2019,
  doi =          {10.1016/j.jcp.2019.06.038},
  eprint =       {1902.00095},
  primaryclass = {math.NA},
  archiveprefix ={arXiv}
}

@InProceedings{Rudi:2015,
  author =       {Rudi, Johann and Malossi, A. Cristiano I. and Isaac,
                  Tobin and Stadler, Georg and Gurnis, Michael and
                  Staar, Peter W. J. and Ineichen, Yves and Bekas,
                  Costas and Curioni, Alessandro and Ghattas, Omar},
  title =        {An Extreme-scale Implicit Solver for Complex {PDEs}:
                  Highly Heterogeneous Flow in {Earth's} Mantle},
  booktitle =    {Proceedings of the International Conference for High
                  Performance Computing, Networking, Storage and
                  Analysis},
  year =         2015,
  series =       {SC '15},
  pages =        {5:1-5:12},
  address =      {New York, NY, USA},
  publisher =    {ACM},
  isbn =         {978-1-4503-3723-6},
  location =     {Austin, Texas},
  articleno =    5,
  numpages =     12,
  doi =          {10.1145/2807591.2807675},
  acmid =        2807675,
}

@Article{Rusten:1996,
  author =       {Rusten, Torgeir and Vassilevski, Panayot S. and
                  Winther, Ragnar},
  title =        {Interior Penalty Preconditioners for Mixed Finite
                  Element Approximations of Elliptic Problems},
  journal =      {Math. Comput.},
  year =         1996,
  volume =       65,
  number =       214,
  pages =        {447-466},
  issn =         {0025-5718},
  doi =          {10.1090/S0025-5718-96-00720-X},
}

@Article{Saad:1986,
  author =       {Youcef Saad and Martin H. Schultz},
  title =        {{GMRES: a generalized minimal residual algorithm for
                  solving nonsymmetric linear systems}},
  journal =      {SIAM Journal on Scientific and Statistical
                  Computing},
  year =         1986,
  volume =       7,
  number =       3,
  pages =        {856-869},
  doi =          {10.1137/0907058},
}

@Book{Saad:2003,
  author =       {Saad, Y.},
  title =        {Iterative Methods for Sparse Linear Systems},
  publisher =    {Society for Industrial and Applied Mathematics},
  year =         2003,
  edition =      {Second edition},
  doi =          {10.1137/1.9780898718003},
}

@Article{Schamberger:2005,
  author =       {Schamberger, Stefan and Wierum, Jens-Michael},
  title =        {{Partitioning finite element meshes using
                  space-filling curves}},
  journal =      {Future Generation Computer Systems},
  year =         2005,
  volume =       21,
  number =       5,
  pages =        {759-766},
  doi =          {10.1016/j.future.2004.05.018},
  issn =         {0167739X},
  keywords =     {distributed finite element method,graph
                  partitioning,space-filling curves}
}

@Article{Schoeberl:1999,
  author =       {J. Sch\"oberl},
  title =        {Multigrid methods for a parameter dependent problem
                  in primal variables},
  journal =      {Numerische Mathematik},
  year =         1999,
  volume =       84,
  number =       1,
  pages =        {97--119},
  doi =          {10.1007/s002110050465}
}

@Article{Schoeberl:2008,
  author =       {Joachim Sch\"oberl and Jens M. Melenk and Clemens
                  Pechstein and Sabine Zaglmayr},
  title =        {{Additive Schwarz preconditioning for $p$-version
                  triangular and tetrahedral finite elements}},
  journal =      {IMA Journal of Numerical Analysis},
  year =         2008,
  volume =       28,
  pages =        {1-24}
}

@InProceedings{Scott:1985,
  author =       {Scott, L. R. and Vogelius, M.},
  title =        {Conforming finite element methods for incompressible
                  and nearly incompressible continua},
  booktitle =    {Large {Scale} {Computations} in {Fluid} {Mechanics},
                  {B}. {E}. {Engquist}, ıt et al., eds.},
  year =         1985,
  volume =       {22 (Part 2)},
  pages =        {221--244},
  publisher =    {Providence: AMS},
}

@InCollection{Shalf:2010,
  author =       {Shalf, John and Dosanjh, Sudip and Morrison, John},
  title =        {Exascale computing technology challenges},
  booktitle =    {High Performance Computing for Computational
                  Science-VECPAR 2010},
  publisher =    {Springer},
  year =         2010,
  pages =        {1-25}
}

@Book{Shen:2011,
  author =       {Jie Shen and Tao Tang and Li-Lian Wang},
  title =        {Spectral methods: algorithms, analysis and
                  applications},
  publisher =    {Springer},
  year =         2011,
  volume =       41,
  series =       {Computational Mathematics}
}

@Misc{Shih:2021,
  author =       {Yu-hsuan Shih and Georg Stadler and Florian
                  Wechsung},
  title =        {Robust multigrid techniques for augmented
                  {L}agrangian preconditioning of incompressible
                  {S}tokes equations with extreme viscosity
                  variations},
  year =         2021,
  archiveprefix ={arXiv},
  eprint =       {2107.00820},
  primaryclass = {math.NA},
}

@Article{Silvester:1994,
  author =       {D. Silvester and A. J. Wathen},
  title =        {Fast iterative solution of stabilised {S}tokes
                  systems. {Part II}: {U}sing general block
                  preconditioners},
  journal =      {SIAM Journal on Numerical Analysis},
  year =         1994,
  volume =       31,
  number =       5,
  pages =        {1352--1367},
  doi =          {10.1137/0731070},
}

@Article{Spillane:2014,
  author =       {Spillane, N. and Dolean, V. and Hauret, P. and
                  Nataf, F. and Pechstein, C. and Scheichl, R.},
  title =        {{Abstract robust coarse spaces for systems of PDEs
                  via generalized eigenproblems in the overlaps}},
  journal =      {Numerische Mathematik},
  year =         2014,
  volume =       126,
  number =       4,
  pages =        {741--770},
  month =        {Apr},
  day =          01,
  doi =          {10.1007/s00211-013-0576-y},
}

@Article{Staniforth:2008,
  author =       {Andrew Staniforth and Nigel Wood},
  title =        {Aspects of the dynamical core of a nonhydrostatic,
                  deep-atmosphere, unified weather and
                  climate-prediction model},
  journal =      {Journal of Computational Physics},
  year =         2008,
  volume =       227,
  number =       7,
  pages =        {3445-3464},
  note =         {Predicting weather, climate and extreme events},
  issn =         {0021-9991},
  doi =          {http://dx.doi.org/10.1016/j.jcp.2006.11.009},
}

@InProceedings{Stengel:2015,
  author =       {Stengel, Holger and Treibig, Jan and Hager, Georg
                  and Wellein, Gerhard},
  title =        {Quantifying Performance Bottlenecks of Stencil
                  Computations Using the Execution-Cache-Memory Model},
  booktitle =    {Proceedings of the 29th International Conference on
                  Supercomputing},
  year =         2015,
  series =       {ICS '15},
  pages =        {207-216},
  address =      {New York, NY, USA},
  publisher =    {ACM},
  doi =          {10.1145/2751205.2751240},
}

@Article{Sterck:2004,
  author =       {Hans De Sterck and Thomas A. Manteuffel and Stephen
                  F. McCormick and Luke Olson},
  title =        {Least-Squares Finite Element Methods and Algebraic
                  Multigrid Solvers for Linear Hyperbolic PDEs},
  journal =      {SIAM Journal on Scientific Computing},
  year =         2004,
  volume =       26,
  number =       1,
  pages =        {31-54},
  doi =          {10.1137/S106482750240858X},
}

@Article{Sun:2020,
  author =       {Tianjiao Sun and Lawrence Mitchell and Kaushik
                  Kulkarni and Andreas Kl\"ockner and David A. Ham and
                  Paul H. J. Kelly},
  title =        {A study of vectorization for matrix-free finite
                  element methods},
  journal =      {International Journal of High Performance Computing
                  Applications},
  year =         2020,
  pages =        {1-16},
  doi =          {10.1177/1094342020945005},
  archiveprefix ={arXiv},
  eprint =       {1903.08243},
  primaryclass = {cs.MS}
}

@Article{Sundar:2015,
  author =       {Sundar, Hari and Stadler, Georg and Biros, George},
  title =        {Comparison of multigrid algorithms for high-order
                  continuous finite element discretizations},
  journal =      {Numerical Linear Algebra with Applications},
  year =         2015,
  volume =       22,
  number =       4,
  pages =        {664-680},
  issn =         {1099-1506},
  doi =          {10.1002/nla.1979},
}

@Article{Szambolics:2008,
  author =       {Szambolics, H. and Buda-Prejbeanu, L.D. and
                  Toussaint, J.C. and Fruchart, O.},
  title =        {{Finite element formalism for micromagnetism}},
  journal =      {COMPEL: The International Journal for Computation
                  and Mathematics in Electrical and Electronic
                  Engineering},
  year =         2008,
  volume =       27,
  number =       1,
  pages =        {266-276},
  doi =          {10.1108/03321640810836825},
  issn =         {0332-1649},
  keywords =     {compel,electromagnetism,finite element analysis,for
                  computation and mathematics,in,paper type research
                  paper,simulation,the international journal}
}

@Article{Thomas:2001,
  author =       {James L. Thomas and Boris Diskin and Achi Brandt},
  title =        {{Textbook multigrid efficiency for the
                  incompressible Navier–Stokes equations: high
                  Reynolds number wakes and boundary layers}},
  journal =      {Computers \& Fluids},
  year =         2001,
  volume =       30,
  number =       {7–8},
  pages =        {853-874},
  issn =         {0045-7930},
  doi =          {10.1016/S0045-7930(01)00032-9},
}

@Article{Thuburn:2012,
  author =       {Thuburn, J. and Cotter, C. J.},
  title =        {{A Framework for Mimetic Discretization of the
                  Rotating Shallow-Water Equations on Arbitrary
                  Polygonal Grids}},
  journal =      {SIAM Journal on Scientific Computing},
  year =         2012,
  volume =       34,
  number =       3,
  pages =        {B203-B225},
  doi =          {10.1137/110850293},
  issn =         {1064-8275},
  keywords =     {65M06,65M08,76U05,Coriolis term,Hodge star,discrete
                  exterior calculus,geostrophic balance,nonorthogonal
                  mesh},
  language =     {en},
  publisher =    {Society for Industrial and Applied Mathematics}
}

@Book{Toselli:2005,
  author =       {Andrea Toselli and Olof B. Widlund},
  title =        {Domain decomposition methods: algorithms and theory},
  publisher =    {Springer},
  year =         2005,
  volume =       34,
  series =       {Computational Mathematics}
}

@Article {Umlauf:2003,
  author =       {Umlauf, L. and Burchard, H.},
  title =        {A generic length-scale equation for geophysical
                  turbulence models},
  journal =      {Journal of Marine Research},
  year =         2003,
  volume =       61,
  number =       2,
  pages =        {235-265},
  doi =          {10.1357/002224003322005087}
}

@Article{Vanka:1986,
  author =       {S.P Vanka},
  title =        {{Block-implicit multigrid solution of Navier-Stokes
                  equations in primitive variables}},
  journal =      {Journal of Computational Physics},
  year =         1986,
  volume =       65,
  number =       1,
  pages =        {138-158},
  issn =         {0021-9991},
  doi =          {10.1016/0021-9991(86)90008-2}
}

@Article{Vanka:1986a,
  author =       {S.P. Vanka},
  title =        {Block-implicit multigrid calculation of
                  two-dimensional recirculating flows},
  journal =      {Computer Methods in Applied Mechanics and
                  Engineering},
  year =         1986,
  volume =       59,
  number =       1,
  pages =        {29-48},
  issn =         {0045-7825},
  doi =          {10.1016/0045-7825(86)90022-8}
}

@Article{Vo:2012,
  author =       {Vo, Huy T. and Silva, Claudio T. and Scheidegger,
                  Luiz F. and Pascucci, Valerio},
  title =        {{Simple and Efficient Mesh Layout with Space-Filling
                  Curves}},
  journal =      {Journal of Graphics Tools},
  year =         2012,
  volume =       16,
  number =       1,
  pages =        {25-39},
  doi =          {10.1080/2151237X.2012.641828},
  issn =         {2165-347X},
  publisher =    {Taylor \& Francis}
}

@Article{Wathen:2015,
  author =       {Wathen, A. J.},
  title =        {Preconditioning},
  journal =      {Acta Numerica},
  year =         2015,
  volume =       24,
  pages =        {329-376},
  doi =          {10.1017/S0962492915000021},
}

@Article{Williams:2009,
  author =       {Williams, Samuel and Waterman, Andrew and Patterson,
                  David},
  title =        {Roofline: An Insightful Visual Performance Model for
                  Multicore Architectures},
  journal =      {Communications of the ACM},
  year =         2009,
  volume =       52,
  number =       4,
  pages =        {65-76},
  doi =          {10.1145/1498765.1498785},
}

@Article{Wilson:2013,
  author =       {Wilson, CR and Spiegelman, Marc and van Keken, PE},
  title =        {{TerraFERMA: the Transparent Finite Element Rapid
                  Model Assembler for multi-physics problems in Earth
                  sciences}},
  year =         2013,
  pages =        {1-16},
  url =
                  {https://bytebucket.org/tferma/tferma/wiki/TFpaperGcubed.pdf}
}

@Misc{Wilson:2016,
  author =       {Greg Wilson and Jennifer Bryan and Karen Cranston
                  and Justin Kitzes and Lex Nederbragt and Tracy K.
                  Teal},
  title =        {Good enough practices in scientific computing},
  year =         2016,
  archiveprefix ={arXiv},
  eprint =       {1609.00037},
  primaryclass = {cs.SE}
}

@Article {Wood:2014,
  author =       {Wood, Nigel and Staniforth, Andrew and White, Andy
                  and Allen, Thomas and Diamantakis, Michail and
                  Gross, Markus and Melvin, Thomas and Smith, Chris
                  and Vosper, Simon and Zerroukat, Mohamed and
                  Thuburn, John},
  title =        {An inherently mass-conserving semi-implicit
                  semi-Lagrangian discretization of the
                  deep-atmosphere global non-hydrostatic equations},
  journal =      {Quarterly Journal of the Royal Meteorological
                  Society},
  year =         2014,
  volume =       140,
  number =       682,
  pages =        {1505-1520},
  publisher =    {John Wiley & Sons, Ltd},
  issn =         {1477-870X},
  doi =          {10.1002/qj.2235},
}

@Article{Xu:1992,
  author =       {Jinchao Xu},
  title =        {Iterative methods by space decomposition and
                  subspace correction},
  journal =      {SIAM Review},
  year =         1992,
  volume =       34,
  number =       4,
  pages =        {581-613},
  doi =          {10.1137/1034116},
}

@Article{Yamazaki:2017,
  author =       {Hiroe Yamazaki and Jemma Shipton and Mike J. P.
                  Cullen and Lawrence Mitchell and Colin J. Cotter},
  title =        {{Vertical slice modelling of nonlinear Eady waves
                  using a compatible finite element method}},
  journal =      {Journal of Computational Physics},
  year =         2017,
  volume =       343,
  pages =        {130-149},
  doi =          {10.1016/j.jcp.2017.04.006},
  eprint =       {1611.04929},
  archiveprefix ={arXiv},
  primaryclass = {math.NA}
}

@InProceedings{Yang:2016,
  author =       {Yang, Chao and Xue, Wei and Fu, Haohuan and You,
                  Hongtao and Wang, Xinliang and Ao, Yulong and Liu,
                  Fangfang and Gan, Lin and Xu, Ping and Wang, Lanning
                  and Yang, Guangwen and Zheng, Weimin},
  title =        {10M-core Scalable Fully-implicit Solver for
                  Nonhydrostatic Atmospheric Dynamics},
  booktitle =    {Proceedings of the International Conference for High
                  Performance Computing, Networking, Storage and
                  Analysis},
  year =         2016,
  series =       {SC '16},
  pages =        {6:1-6:12},
  address =      {Piscataway, NJ, USA},
  publisher =    {IEEE Press},
  isbn =         {978-1-4673-8815-3},
  location =     {Salt Lake City, Utah},
  articleno =    6,
  numpages =     12,
}

@Article{Yavneh:2006,
  author =       {Irad Yavneh and Gregory Dardyk},
  title =        {A Multilevel Nonlinear Method},
  journal =      {SIAM Journal on Scientific Computing},
  year =         2006,
  volume =       28,
  number =       1,
  pages =        {24-46},
  doi =          {10.1137/040613809},
}

@Article{Yoon:2005,
  author =       {Yoon, Sung-Eui and Lindstrom, Peter and Pascucci,
                  Valerio and Manocha, Dinesh},
  title =        {{Cache-oblivious mesh layouts}},
  journal =      {ACM Transactions on Graphics},
  year =         2005,
  volume =       24,
  number =       3,
  pages =        {886-893},
  doi =          {10.1145/1073204.1073278},
  issn =         07300301,
  publisher =    {ACM}
}

@Article{Yoon:2006,
  author =       {Yoon, Sung-Eui and Lindstrom, Peter},
  title =        {{Mesh layouts for block-based caches}},
  journal =      {IEEE transactions on visualization and computer
                  graphics},
  year =         2006,
  volume =       12,
  number =       5,
  pages =        {1213-1220},
  doi =          {10.1109/TVCG.2006.162},
  issn =         {1077-2626},
  keywords =     {Mesh and graph layouts,cache-aware and
                  cache-oblivious layouts,data locality.,metrics for
                  cache coherence},
  pmid =         17080854,
  publisher =    {IEEE Educational Activities Department}
}

@Article{Zhang:2013,
  author =       {Liangzhe Zhang and Michael R. Tonks and Derek Gaston
                  and John W. Peterson and David Andrs and Paul C.
                  Millett and Bulent S. Biner},
  title =        {A quantitative comparison between $C^0$ and $C^1$
                  elements for solving the Cahn–Hilliard equation},
  journal =      {Journal of Computational Physics},
  year =         2013,
  volume =       236,
  pages =        {74-80},
  issn =         {0021-9991},
  doi =          {10.1016/j.jcp.2012.12.001},
}

@Article{Zhou:2010,
  author =       {Zhou, Min and Sahni, Onkar and Shephard, Mark S. and
                  Carothers, Christopher D. and Jansen, Kenneth E.},
  title =        {{Adjacency-based data reordering algorithm for
                  acceleration of finite element computations}},
  journal =      {Scientific Programming},
  year =         2010,
  volume =       18,
  number =       2,
  pages =        {107-123},
  issn =         {1058-9244},
  keywords =     {Data reordering,cache penalty model,finite element
                  analysis,unstructured mesh},
  publisher =    {IOS Press},
  doi =          {10.1155/2010/273921}
}

@Article{Zlamal:1973,
  author =       {Zl\'{a}mal, Milo\v{s}},
  title =        {{Curved Elements in the Finite Element Method. I}},
  journal =      {SIAM Journal on Numerical Analysis},
  year =         1973,
  volume =       10,
  number =       1,
  pages =        {229-240},
  doi =          {10.1137/0710022},
  issn =         {0036-1429}
}

@Article{Zlamal:1974,
  author =       {Zl\'{a}mal, Milo\v{s}},
  title =        {{Curved Elements in the Finite Element Method. II}},
  journal =      {SIAM Journal on Numerical Analysis},
  year =         1974,
  volume =       11,
  number =       2,
  pages =        {347-362},
  doi =          {10.1137/0711031},
  issn =         {0036-1429}
}
